012205,083014,1525908615.8643365,5500,5560,5570,0,0,0,0,0,0,0,3547,20,108,0,0,0,0,0,0,0,4960,4955,4950,0,0,0,0,0,0,0,221,1,1003,0,0,0,0,0,0,0,0,0,3,
012205,083030,1525908631.1940992,5500,5560,5570,0,0,0,0,0,0,0,3547,20,244,0,0,0,0,0,0,0,4960,4955,4950,0,0,0,0,0,0,0,221,1,1003,0,0,0,0,0,0,0,0,0,3,
012205,083037,1525908638.3838058,5500,5560,5570,0,0,0,0,0,0,0,3547,20,244,0,0,0,0,0,0,0,4965,4960,4955,0,0,0,0,0,0,0,1,221,1,0,0,0,0,0,0,0,0,0,3,
012205,083040,1525908642.0586298,5500,5560,5570,0,0,0,0,0,0,0,3547,20,244,0,0,0,0,0,0,0,4970,4965,4960,0,0,0,0,0,0,0,1,1,221,0,0,0,0,0,0,0,0,0,3,
012205,083044,1525908645.409473,5500,5560,5570,0,0,0,0,0,0,0,3547,20,244,0,0,0,0,0,0,0,4975,4970,4965,0,0,0,0,0,0,0,1,1,1,0,0,0,0,0,0,0,0,0,3,
012205,083048,1525908649.5059474,5500,5560,5570,0,0,0,0,0,0,0,3547,20,1412,0,0,0,0,0,0,0,4975,4970,4965,0,0,0,0,0,0,0,1,1,1,0,0,0,0,0,0,0,0,0,3,
012205,083049,1525908650.8383803,5500,5560,5570,0,0,0,0,0,0,0,3547,20,1412,0,0,0,0,0,0,0,4975,4970,4965,0,0,0,0,0,0,0,1,1,1,0,0,0,0,0,0,0,0,0,3,
012205,083128,1525908689.7766528,5500,5560,5570,0,0,0,0,0,0,0,3529,20,1412,0,0,0,0,0,0,0,4975,4970,4965,0,0,0,0,0,0,0,1,1,1,0,0,0,0,0,0,0,0,0,3,
012205,083131,1525908692.3238,5500,5560,5570,0,0,0,0,0,0,0,3488,20,1412,0,0,0,0,0,0,0,4975,4970,4965,0,0,0,0,0,0,0,1,1,1,0,0,0,0,0,0,0,0,0,3,
012205,083151,1525908712.6836963,5500,5560,5570,0,0,0,0,0,0,0,3988,20,1412,0,0,0,0,0,0,0,4975,4970,4965,0,0,0,0,0,0,0,1,1,1,0,0,0,0,0,0,0,0,0,3,
012205,083155,1525908716.3095913,5500,5560,5570,0,0,0,0,0,0,0,4008,20,1412,0,0,0,0,0,0,0,4975,4970,4965,0,0,0,0,0,0,0,1,1,1,0,0,0,0,0,0,0,0,0,3,
012205,083210,1525908731.9107451,5500,5560,5570,0,0,0,0,0,0,0,4508,20,1412,0,0,0,0,0,0,0,4975,4970,4965,0,0,0,0,0,0,0,1,1,1,0,0,0,0,0,0,0,0,0,3,
012205,083223,1525908744.484112,5500,5560,5570,0,0,0,0,0,0,0,4508,20,1412,0,0,0,0,0,0,0,4975,4970,4965,0,0,0,0,0,0,0,1,1,1,0,0,0,0,0,0,0,0,0,3,
012205,083226,1525908747.7899346,5500,5560,5570,0,0,0,0,0,0,0,4508,20,1412,0,0,0,0,0,0,0,4975,4970,4965,0,0,0,0,0,0,0,1,1,1,0,0,0,0,0,0,0,0,0,3,
012205,083229,1525908750.720683,5500,5560,5570,0,0,0,0,0,0,0,4488,20,1412,0,0,0,0,0,0,0,4975,4970,4965,0,0,0,0,0,0,0,1,1,1,0,0,0,0,0,0,0,0,0,3,
012205,083229,1525908750.9327354,5500,5560,5570,0,0,0,0,0,0,0,4988,20,1412,0,0,0,0,0,0,0,4975,4970,4965,0,0,0,0,0,0,0,1,1,1,0,0,0,0,0,0,0,0,0,3,
012205,083231,1525908752.851622,5500,5560,5570,0,0,0,0,0,0,0,4988,20,1412,0,0,0,0,0,0,0,4975,4970,4965,0,0,0,0,0,0,0,3307,1,1,0,0,0,0,0,0,0,0,0,3,
012205,083240,1525908762.0161881,5500,5560,5570,0,0,0,0,0,0,0,4888,20,1412,0,0,0,0,0,0,0,4975,4970,4965,0,0,0,0,0,0,0,3307,1,1,0,0,0,0,0,0,0,0,0,3,
012205,083250,1525908771.9841387,5490,5500,5560,0,0,0,0,0,0,0,199,5189,20,0,0,0,0,0,0,0,4975,4970,4965,0,0,0,0,0,0,0,3307,1,1,0,0,0,0,0,0,0,0,0,3,
012205,083252,1525908773.9581957,5490,5500,5560,0,0,0,0,0,0,0,199,5189,20,0,0,0,0,0,0,0,4975,4970,4965,0,0,0,0,0,0,0,3307,1,1,0,0,0,0,0,0,0,0,0,3,
012205,083255,1525908776.3039873,5490,5500,5560,0,0,0,0,0,0,0,199,5189,20,0,0,0,0,0,0,0,4975,4970,4965,0,0,0,0,0,0,0,3307,1,1,0,0,0,0,0,0,0,0,0,3,
012205,083255,1525908776.676657,5490,5500,5560,0,0,0,0,0,0,0,199,5189,20,0,0,0,0,0,0,0,4975,4970,4965,0,0,0,0,0,0,0,3307,1,1,0,0,0,0,0,0,0,0,0,3,
012205,083309,1525908790.5870788,5490,5500,5560,0,0,0,0,0,0,0,199,5189,20,0,0,0,0,0,0,0,4975,4970,4965,0,0,0,0,0,0,0,3307,1,1,0,0,0,0,0,0,0,0,0,3,
012205,083309,1525908791.0149279,5290,5300,5330,0,0,0,0,0,0,0,43,20,104,0,0,0,0,0,0,0,4975,4970,4965,0,0,0,0,0,0,0,3307,1,1,0,0,0,0,0,0,0,0,0,3,
012205,083311,1525908792.2869139,5290,5300,5330,0,0,0,0,0,0,0,43,20,104,0,0,0,0,0,0,0,4975,4970,4965,0,0,0,0,0,0,0,3307,1,1,0,0,0,0,0,0,0,0,0,3,
012205,083316,1525908797.9448948,5290,5300,5330,0,0,0,0,0,0,0,43,20,104,0,0,0,0,0,0,0,4980,4975,4970,0,0,0,0,0,0,0,1,3307,1,0,0,0,0,0,0,0,0,0,3,
012205,083320,1525908801.8397322,5290,5300,5330,0,0,0,0,0,0,0,43,20,104,0,0,0,0,0,0,0,4985,4980,4975,0,0,0,0,0,0,0,1,1,3307,0,0,0,0,0,0,0,0,0,3,
012205,083322,1525908803.3711846,5290,5300,5330,0,0,0,0,0,0,0,43,20,104,0,0,0,0,0,0,0,4985,4980,4975,0,0,0,0,0,0,0,1,1,3307,0,0,0,0,0,0,0,0,0,3,
012205,083323,1525908804.5569572,5290,5300,5330,0,0,0,0,0,0,0,43,520,104,0,0,0,0,0,0,0,4985,4980,4975,0,0,0,0,0,0,0,1,1,3307,0,0,0,0,0,0,0,0,0,3,
012205,083325,1525908806.2623832,5290,5300,5330,0,0,0,0,0,0,0,43,520,104,0,0,0,0,0,0,0,4990,4985,4980,0,0,0,0,0,0,0,1,1,1,0,0,0,0,0,0,0,0,0,3,
012205,083326,1525908807.8615558,5290,5300,5330,0,0,0,0,0,0,0,43,520,104,0,0,0,0,0,0,0,4990,4985,4980,0,0,0,0,0,0,0,1,1,1,0,0,0,0,0,0,0,0,0,3,
012205,083348,1525908830.0367973,5290,5300,5330,0,0,0,0,0,0,0,43,520,104,0,0,0,0,0,0,0,4990,4985,4980,0,0,0,0,0,0,0,1,1,1696,0,0,0,0,0,0,0,0,0,3,
012205,083401,1525908842.5015612,5290,5300,5330,0,0,0,0,0,0,0,42,520,104,0,0,0,0,0,0,0,4990,4985,4980,0,0,0,0,0,0,0,1,1,1696,0,0,0,0,0,0,0,0,0,3,
012205,083405,1525908846.7248883,5290,5300,5330,0,0,0,0,0,0,0,37,520,104,0,0,0,0,0,0,0,4990,4985,4980,0,0,0,0,0,0,0,1,1,1696,0,0,0,0,0,0,0,0,0,3,
012205,083422,1525908864.1521513,5290,5300,5330,0,0,0,0,0,0,0,37,520,104,0,0,0,0,0,0,0,4990,4985,4980,0,0,0,0,0,0,0,1,1,1696,0,0,0,0,0,0,0,0,0,3,
012205,083430,1525908871.7724442,5290,5300,5330,0,0,0,0,0,0,0,37,520,104,0,0,0,0,0,0,0,4990,4985,4980,0,0,0,0,0,0,0,1,1,1696,0,0,0,0,0,0,0,0,0,3,
012205,083433,1525908875.0793147,5290,5300,5320,0,0,0,0,0,0,0,37,520,136,0,0,0,0,0,0,0,4990,4985,4980,0,0,0,0,0,0,0,1,1,1696,0,0,0,0,0,0,0,0,0,3,
012205,083437,1525908878.3408809,5290,5300,5320,0,0,0,0,0,0,0,36,520,136,0,0,0,0,0,0,0,4990,4985,4980,0,0,0,0,0,0,0,1,1,1696,0,0,0,0,0,0,0,0,0,3,
012205,083439,1525908880.5877948,5290,5300,5320,0,0,0,0,0,0,0,258,520,136,0,0,0,0,0,0,0,4990,4985,4980,0,0,0,0,0,0,0,1,1,1696,0,0,0,0,0,0,0,0,0,3,
012205,083441,1525908882.4633582,5290,5300,5310,0,0,0,0,0,0,0,258,520,500,0,0,0,0,0,0,0,4990,4985,4980,0,0,0,0,0,0,0,1,1,1696,0,0,0,0,0,0,0,0,0,3,
012205,083442,1525908883.5876348,5290,5300,5310,0,0,0,0,0,0,0,258,520,500,0,0,0,0,0,0,0,4990,4985,4980,0,0,0,0,0,0,0,1,1,1696,0,0,0,0,0,0,0,0,0,3,
012205,083442,1525908884.123414,5290,5300,5310,0,0,0,0,0,0,0,258,520,500,0,0,0,0,0,0,0,4995,4990,4985,0,0,0,0,0,0,0,1,1,1,0,0,0,0,0,0,0,0,0,3,
012205,083444,1525908885.7853985,5280,5290,5300,0,0,0,0,0,0,0,426,500,520,0,0,0,0,0,0,0,4995,4990,4985,0,0,0,0,0,0,0,1,1,1,0,0,0,0,0,0,0,0,0,3,
012205,083444,1525908886.1581326,5280,5290,5300,0,0,0,0,0,0,0,426,500,520,0,0,0,0,0,0,0,4995,4990,4985,0,0,0,0,0,0,0,2,1,1,0,0,0,0,0,0,0,0,0,3,
012205,083447,1525908888.5151548,5280,5290,5300,0,0,0,0,0,0,0,426,500,520,0,0,0,0,0,0,0,4995,4990,4985,0,0,0,0,0,0,0,2,1,1,0,0,0,0,0,0,0,0,0,3,
012205,083448,1525908890.0643601,5280,5290,5300,0,0,0,0,0,0,0,426,500,520,0,0,0,0,0,0,0,4995,4990,4985,0,0,0,0,0,0,0,1,1,1,0,0,0,0,0,0,0,0,0,3,
012205,083449,1525908890.6513402,5280,5290,5300,0,0,0,0,0,0,0,426,500,520,0,0,0,0,0,0,0,4990,4985,4980,0,0,0,0,0,0,0,1,1,1696,0,0,0,0,0,0,0,0,0,3,
012205,083452,1525908894.0994837,5280,5290,5300,0,0,0,0,0,0,0,426,500,520,0,0,0,0,0,0,0,4990,4985,4980,0,0,0,0,0,0,0,1,1,1696,0,0,0,0,0,0,0,0,0,3,
012205,083454,1525908896.032656,5280,5290,5300,0,0,0,0,0,0,0,426,500,520,0,0,0,0,0,0,0,4995,4990,4985,0,0,0,0,0,0,0,1,1,1,0,0,0,0,0,0,0,0,0,3,
012205,083455,1525908896.19007,5280,5290,5300,0,0,0,0,0,0,0,426,500,520,0,0,0,0,0,0,0,4995,4990,4985,0,0,0,0,0,0,0,1,1,1,0,0,0,0,0,0,0,0,0,3,
012205,083455,1525908896.6171613,5280,5290,5300,0,0,0,0,0,0,0,426,500,520,0,0,0,0,0,0,0,4995,4990,4985,0,0,0,0,0,0,0,2,1,1,0,0,0,0,0,0,0,0,0,3,
012205,083501,1525908902.2160738,5280,5290,5300,0,0,0,0,0,0,0,426,500,520,0,0,0,0,0,0,0,4995,4990,4985,0,0,0,0,0,0,0,2,1,1,0,0,0,0,0,0,0,0,0,3,
012205,083504,1525908905.2509708,5280,5290,5300,0,0,0,0,0,0,0,426,500,520,0,0,0,0,0,0,0,5000,4995,4990,0,0,0,0,0,0,0,1,1,1,0,0,0,0,0,0,0,0,0,3,
012205,083506,1525908907.5973895,5280,5290,5300,0,0,0,0,0,0,0,426,500,520,0,0,0,0,0,0,0,5000,4995,4990,0,0,0,0,0,0,0,1,1,1,0,0,0,0,0,0,0,0,0,3,
012205,083508,1525908909.3009136,5280,5290,5300,0,0,0,0,0,0,0,426,500,520,0,0,0,0,0,0,0,5000,4995,4990,0,0,0,0,0,0,0,1,1,1,0,0,0,0,0,0,0,0,0,3,
012205,083543,1525908944.8221934,5270,5280,5290,0,0,0,0,0,0,0,1,518,500,0,0,0,0,0,0,0,5000,4995,4990,0,0,0,0,0,0,0,1,1,1,0,0,0,0,0,0,0,0,0,3,
012205,083603,1525908964.7767954,5270,5280,5290,0,0,0,0,0,0,0,1,518,500,0,0,0,0,0,0,0,5000,4995,4990,0,0,0,0,0,0,0,1,1,1,0,0,0,0,0,0,0,0,0,3,
012205,083608,1525908969.9464657,5270,5280,5290,0,0,0,0,0,0,0,1,518,500,0,0,0,0,0,0,0,5000,4995,4990,0,0,0,0,0,0,0,1,1,1,0,0,0,0,0,0,0,0,0,3,
012205,083616,1525908977.1988122,5270,5280,5290,0,0,0,0,0,0,0,1,518,500,0,0,0,0,0,0,0,5000,4995,4990,0,0,0,0,0,0,0,1,1,1,0,0,0,0,0,0,0,0,0,3,
012205,083617,1525908978.8517542,5270,5280,5290,0,0,0,0,0,0,0,1,518,500,0,0,0,0,0,0,0,5000,4995,4990,0,0,0,0,0,0,0,1,1,1,0,0,0,0,0,0,0,0,0,3,
012205,083618,1525908980.0277925,5270,5280,5290,0,0,0,0,0,0,0,1,518,500,0,0,0,0,0,0,0,5000,4995,4990,0,0,0,0,0,0,0,1,1,1,0,0,0,0,0,0,0,0,0,3,
012205,083628,1525908989.2963595,5270,5280,5290,0,0,0,0,0,0,0,1,518,500,0,0,0,0,0,0,0,5000,4995,4990,0,0,0,0,0,0,0,1,1,1,0,0,0,0,0,0,0,0,0,3,
012205,083631,1525908992.1769886,5270,5280,5290,0,0,0,0,0,0,0,1,518,500,0,0,0,0,0,0,0,5000,4995,4990,0,0,0,0,0,0,0,1,1,1,0,0,0,0,0,0,0,0,0,3,
012205,083634,1525908995.2615535,5270,5280,5290,0,0,0,0,0,0,0,1,518,500,0,0,0,0,0,0,0,5000,4995,4990,0,0,0,0,0,0,0,1,1,1,0,0,0,0,0,0,0,0,0,3,
012205,083652,1525909013.2357519,5270,5280,5290,0,0,0,0,0,0,0,1,518,500,0,0,0,0,0,0,0,5000,4995,4990,0,0,0,0,0,0,0,1,1,1,0,0,0,0,0,0,0,0,0,3,
012205,083657,1525909018.178655,5270,5280,5290,0,0,0,0,0,0,0,1,518,500,0,0,0,0,0,0,0,5000,4995,4990,0,0,0,0,0,0,0,1,1,1,0,0,0,0,0,0,0,0,0,3,
012205,083657,1525909018.6200206,5270,5280,5290,0,0,0,0,0,0,0,1,518,500,0,0,0,0,0,0,0,5000,4995,4990,0,0,0,0,0,0,0,1,1,1,0,0,0,0,0,0,0,0,0,3,
012205,083710,1525909031.26191,5270,5280,5290,0,0,0,0,0,0,0,1,518,500,0,0,0,0,0,0,0,5000,4995,4990,0,0,0,0,0,0,0,1,1,1,0,0,0,0,0,0,0,0,0,3,
012205,083713,1525909034.7330616,5270,5280,5290,0,0,0,0,0,0,0,1,518,500,0,0,0,0,0,0,0,5000,4995,4990,0,0,0,0,0,0,0,1,1,1,0,0,0,0,0,0,0,0,0,3,
012205,083748,1525909069.9079413,5000,5070,5100,0,0,0,0,0,0,0,10,5,10,0,0,0,0,0,0,0,4980,4975,4970,0,0,0,0,0,0,0,1525,1,1,0,0,0,0,0,0,0,0,0,3,
012205,083756,1525909077.3749585,5000,5070,5100,0,0,0,0,0,0,0,10,5,10,0,0,0,0,0,0,0,4980,4975,4970,0,0,0,0,0,0,0,1525,1,1,0,0,0,0,0,0,0,0,0,3,
012205,083758,1525909079.668794,5000,5070,5100,0,0,0,0,0,0,0,10,5,10,0,0,0,0,0,0,0,4980,4975,4970,0,0,0,0,0,0,0,1588,1,1,0,0,0,0,0,0,0,0,0,3,
012205,083811,1525909092.8469203,5000,5070,5100,0,0,0,0,0,0,0,10,5,10,0,0,0,0,0,0,0,4980,4975,4970,0,0,0,0,0,0,0,1588,1,1,0,0,0,0,0,0,0,0,0,3,
012205,083833,1525909114.977553,5000,5070,5100,0,0,0,0,0,0,0,10,5,10,0,0,0,0,0,0,0,4980,4975,4970,0,0,0,0,0,0,0,1588,1,1,0,0,0,0,0,0,0,0,0,3,
012205,083856,1525909137.2529953,5000,5070,5100,0,0,0,0,0,0,0,10,5,10,0,0,0,0,0,0,0,4980,4975,4970,0,0,0,0,0,0,0,1588,1,1,0,0,0,0,0,0,0,0,0,3,
012205,083908,1525909149.404362,5000,5070,5100,0,0,0,0,0,0,0,10,5,10,0,0,0,0,0,0,0,4980,4975,4970,0,0,0,0,0,0,0,1588,1,1,0,0,0,0,0,0,0,0,0,3,
012205,083920,1525909161.3430355,5000,5070,5100,0,0,0,0,0,0,0,10,5,10,0,0,0,0,0,0,0,4980,4975,4970,0,0,0,0,0,0,0,1576,1,1,0,0,0,0,0,0,0,0,0,3,
012205,083926,1525909168.0002089,5000,5070,5100,0,0,0,0,0,0,0,10,5,10,0,0,0,0,0,0,0,4980,4975,4970,0,0,0,0,0,0,0,1516,1,1,0,0,0,0,0,0,0,0,0,3,
012205,083938,1525909179.4050124,5250,5260,5270,0,0,0,0,0,0,0,500,500,503,0,0,0,0,0,0,0,5210,5000,4995,0,0,0,0,0,0,0,552,1,1,0,0,0,0,0,0,0,0,0,3,
012205,083940,1525909181.2758327,5250,5260,5270,0,0,0,0,0,0,0,500,500,503,0,0,0,0,0,0,0,5210,4995,4990,0,0,0,0,0,0,0,552,1,1,0,0,0,0,0,0,0,0,0,3,
012205,083941,1525909182.979559,5250,5260,5270,0,0,0,0,0,0,0,500,500,503,0,0,0,0,0,0,0,5210,4995,4990,0,0,0,0,0,0,0,552,1,1,0,0,0,0,0,0,0,0,0,3,
012205,083948,1525909189.1612322,5250,5260,5270,0,0,0,0,0,0,0,500,500,503,0,0,0,0,0,0,0,5210,4995,4990,0,0,0,0,0,0,0,552,1,1,0,0,0,0,0,0,0,0,0,3,
012205,083949,1525909190.9738238,5250,5260,5270,0,0,0,0,0,0,0,500,500,503,0,0,0,0,0,0,0,5210,4995,4990,0,0,0,0,0,0,0,52,1,1,0,0,0,0,0,0,0,0,0,3,
012205,083949,1525909191.1354427,5000,5070,5100,0,0,0,0,0,0,0,510,5,10,0,0,0,0,0,0,0,4980,4975,4970,0,0,0,0,0,0,0,1515,1,1,0,0,0,0,0,0,0,0,0,3,
012205,083950,1525909191.2864192,5000,5070,5100,0,0,0,0,0,0,0,510,5,10,0,0,0,0,0,0,0,4980,4975,4970,0,0,0,0,0,0,0,1515,1,1,0,0,0,0,0,0,0,0,0,3,
012205,083953,1525909194.5458262,5000,5070,5100,0,0,0,0,0,0,0,510,5,10,0,0,0,0,0,0,0,4980,4975,4970,0,0,0,0,0,0,0,1515,1,1,0,0,0,0,0,0,0,0,0,3,
012205,084012,1525909213.7581873,5000,5070,5100,0,0,0,0,0,0,0,57,5,10,0,0,0,0,0,0,0,4995,4990,4985,0,0,0,0,0,0,0,1,1,1,0,0,0,0,0,0,0,0,0,3,
012205,084050,1525909251.408275,5000,5070,5100,0,0,0,0,0,0,0,57,5,10,0,0,0,0,0,0,0,4995,4990,4985,0,0,0,0,0,0,0,1,1,1,0,0,0,0,0,0,0,0,0,3,
012205,084104,1525909266.078063,5000,5070,5100,0,0,0,0,0,0,0,57,5,10,0,0,0,0,0,0,0,4995,4990,4985,0,0,0,0,0,0,0,1,1,1,0,0,0,0,0,0,0,0,0,3,
012205,084105,1525909266.2382734,5000,5070,5100,0,0,0,0,0,0,0,57,5,10,0,0,0,0,0,0,0,4995,4990,4985,0,0,0,0,0,0,0,1,1,1,0,0,0,0,0,0,0,0,0,3,
012205,084110,1525909272.0045676,5000,5070,5100,0,0,0,0,0,0,0,56,5,10,0,0,0,0,0,0,0,4995,4990,4985,0,0,0,0,0,0,0,1,1,1,0,0,0,0,0,0,0,0,0,3,
012205,084122,1525909283.2074468,5000,5070,5100,0,0,0,0,0,0,0,6,5,10,0,0,0,0,0,0,0,4995,4990,4985,0,0,0,0,0,0,0,1,1,1,0,0,0,0,0,0,0,0,0,3,
012205,084124,1525909285.34864,5000,5070,5100,0,0,0,0,0,0,0,6,5,10,0,0,0,0,0,0,0,4995,4990,4985,0,0,0,0,0,0,0,1,1,1,0,0,0,0,0,0,0,0,0,3,
012205,084129,1525909290.6361454,5070,5100,5190,0,0,0,0,0,0,0,5,10,116,0,0,0,0,0,0,0,5000,4995,4990,0,0,0,0,0,0,0,194,1,1,0,0,0,0,0,0,0,0,0,3,
012205,084129,1525909290.7436287,5070,5100,5190,0,0,0,0,0,0,0,5,10,116,0,0,0,0,0,0,0,5000,4995,4990,0,0,0,0,0,0,0,194,1,1,0,0,0,0,0,0,0,0,0,3,
012205,084130,1525909292.024366,5190,5200,5210,0,0,0,0,0,0,0,37,1010,50,0,0,0,0,0,0,0,5000,4995,4990,0,0,0,0,0,0,0,200,1,1,0,0,0,0,0,0,0,0,0,3,
012205,084131,1525909292.5575712,5200,5210,5250,0,0,0,0,0,0,0,7,50,500,0,0,0,0,0,0,0,5000,4995,4990,0,0,0,0,0,0,0,200,1,1,0,0,0,0,0,0,0,0,0,3,
012205,084137,1525909298.810406,5210,5250,5260,0,0,0,0,0,0,0,26,500,500,0,0,0,0,0,0,0,5000,4995,4990,0,0,0,0,0,0,0,200,1,1,0,0,0,0,0,0,0,0,0,3,
012205,084141,1525909302.387432,5270,5280,5290,0,0,0,0,0,0,0,447,518,500,0,0,0,0,0,0,0,5000,4995,4990,0,0,0,0,0,0,0,200,1,1,0,0,0,0,0,0,0,0,0,3,
012205,084144,1525909305.3798482,5270,5280,5290,0,0,0,0,0,0,0,447,518,500,0,0,0,0,0,0,0,5000,4995,4990,0,0,0,0,0,0,0,200,1,1,0,0,0,0,0,0,0,0,0,3,
012205,084146,1525909307.5662305,5270,5280,5290,0,0,0,0,0,0,0,447,518,500,0,0,0,0,0,0,0,5200,5000,4995,0,0,0,0,0,0,0,34,200,1,0,0,0,0,0,0,0,0,0,3,
012205,084148,1525909309.2791655,5270,5280,5290,0,0,0,0,0,0,0,447,518,500,0,0,0,0,0,0,0,5200,5000,4995,0,0,0,0,0,0,0,34,200,1,0,0,0,0,0,0,0,0,0,3,
012205,084148,1525909310.0781803,5250,5260,5270,0,0,0,0,0,0,0,444,500,503,0,0,0,0,0,0,0,5200,5000,4995,0,0,0,0,0,0,0,34,200,1,0,0,0,0,0,0,0,0,0,3,
012205,084152,1525909313.8662522,5250,5260,5270,0,0,0,0,0,0,0,444,500,503,0,0,0,0,0,0,0,5200,5000,4995,0,0,0,0,0,0,0,34,200,1,0,0,0,0,0,0,0,0,0,3,
012205,084152,1525909314.0285876,5200,5210,5230,0,0,0,0,0,0,0,93,50,1000,0,0,0,0,0,0,0,5000,4995,4990,0,0,0,0,0,0,0,200,1,1,0,0,0,0,0,0,0,0,0,3,
012205,084154,1525909315.84469,5200,5210,5230,0,0,0,0,0,0,0,113,50,1000,0,0,0,0,0,0,0,5000,4995,4990,0,0,0,0,0,0,0,200,1,1,0,0,0,0,0,0,0,0,0,3,
012205,084156,1525909317.2832863,5200,5210,5230,0,0,0,0,0,0,0,113,50,1000,0,0,0,0,0,0,0,5000,4995,4990,0,0,0,0,0,0,0,200,1,1,0,0,0,0,0,0,0,0,0,3,
012205,084159,1525909320.542765,5200,5210,5230,0,0,0,0,0,0,0,113,50,1000,0,0,0,0,0,0,0,5000,4995,4990,0,0,0,0,0,0,0,200,1,1,0,0,0,0,0,0,0,0,0,3,
012205,084202,1525909324.1723607,5200,5210,5230,0,0,0,0,0,0,0,113,50,1000,0,0,0,0,0,0,0,5000,4995,4990,0,0,0,0,0,0,0,200,1,1,0,0,0,0,0,0,0,0,0,3,
012205,084205,1525909326.7871785,5200,5210,5230,0,0,0,0,0,0,0,113,50,1000,0,0,0,0,0,0,0,5000,4995,4990,0,0,0,0,0,0,0,200,1,1,0,0,0,0,0,0,0,0,0,3,
012205,084216,1525909337.4083178,5200,5210,5230,0,0,0,0,0,0,0,113,50,1000,0,0,0,0,0,0,0,5000,4995,4990,0,0,0,0,0,0,0,200,1,1,0,0,0,0,0,0,0,0,0,3,
012205,084216,1525909337.4484406,5200,5210,5230,0,0,0,0,0,0,0,113,50,1000,0,0,0,0,0,0,0,5000,4995,4990,0,0,0,0,0,0,0,200,1,1,0,0,0,0,0,0,0,0,0,3,
012205,084228,1525909349.2061806,5200,5210,5230,0,0,0,0,0,0,0,113,50,1000,0,0,0,0,0,0,0,5000,4990,4985,0,0,0,0,0,0,0,200,1,1,0,0,0,0,0,0,0,0,0,3,
012205,084233,1525909355.0006387,5200,5210,5230,0,0,0,0,0,0,0,113,50,1000,0,0,0,0,0,0,0,5000,4990,4985,0,0,0,0,0,0,0,200,1,1,0,0,0,0,0,0,0,0,0,3,
012205,084247,1525909368.64617,5200,5210,5230,0,0,0,0,0,0,0,134,50,1000,0,0,0,0,0,0,0,5000,4990,4985,0,0,0,0,0,0,0,200,1,1,0,0,0,0,0,0,0,0,0,3,
012205,084305,1525909386.9455118,5230,5250,5260,0,0,0,0,0,0,0,930,500,500,0,0,0,0,0,0,0,5200,5000,4990,0,0,0,0,0,0,0,34,200,1,0,0,0,0,0,0,0,0,0,3,
012205,084323,1525909404.9458346,5230,5250,5260,0,0,0,0,0,0,0,930,500,500,0,0,0,0,0,0,0,5200,5100,5000,0,0,0,0,0,0,0,34,3000,200,0,0,0,0,0,0,0,0,0,3,
012205,084337,1525909418.2978656,5230,5250,5260,0,0,0,0,0,0,0,930,500,500,0,0,0,0,0,0,0,5200,5000,4990,0,0,0,0,0,0,0,34,200,1,0,0,0,0,0,0,0,0,0,3,
012205,084345,1525909426.9107356,5230,5250,5260,0,0,0,0,0,0,0,929,500,500,0,0,0,0,0,0,0,5200,5000,4990,0,0,0,0,0,0,0,34,200,1,0,0,0,0,0,0,0,0,0,3,
012205,084405,1525909446.960833,5250,5260,5270,0,0,0,0,0,0,0,500,500,503,0,0,0,0,0,0,0,5230,5200,5000,0,0,0,0,0,0,0,3049,34,200,0,0,0,0,0,0,0,0,0,3,
012205,084408,1525909449.4796493,5250,5260,5270,0,0,0,0,0,0,0,500,500,503,0,0,0,0,0,0,0,5230,5200,5000,0,0,0,0,0,0,0,3049,34,200,0,0,0,0,0,0,0,0,0,3,
012205,084410,1525909452.150827,5250,5260,5270,0,0,0,0,0,0,0,500,500,503,0,0,0,0,0,0,0,5230,5200,5000,0,0,0,0,0,0,0,3049,34,200,0,0,0,0,0,0,0,0,0,3,
012205,084416,1525909457.551703,5250,5260,5270,0,0,0,0,0,0,0,500,500,503,0,0,0,0,0,0,0,5230,5200,5000,0,0,0,0,0,0,0,3050,34,200,0,0,0,0,0,0,0,0,0,3,
012205,084428,1525909469.7427256,5250,5260,5270,0,0,0,0,0,0,0,500,500,503,0,0,0,0,0,0,0,5230,5200,5000,0,0,0,0,0,0,0,2284,34,200,0,0,0,0,0,0,0,0,0,3,
012205,084449,1525909490.227869,5250,5260,5270,0,0,0,0,0,0,0,500,500,503,0,0,0,0,0,0,0,5230,5200,5000,0,0,0,0,0,0,0,2284,34,200,0,0,0,0,0,0,0,0,0,3,
012205,084453,1525909494.8262002,5240,5250,5260,0,0,0,0,0,0,0,300,500,500,0,0,0,0,0,0,0,5230,5200,5000,0,0,0,0,0,0,0,2284,34,200,0,0,0,0,0,0,0,0,0,3,
012205,084453,1525909494.9944239,5240,5250,5260,0,0,0,0,0,0,0,300,534,500,0,0,0,0,0,0,0,5230,5200,5000,0,0,0,0,0,0,0,2284,34,200,0,0,0,0,0,0,0,0,0,3,
012205,084519,1525909520.8034532,5240,5250,5260,0,0,0,0,0,0,0,300,534,500,0,0,0,0,0,0,0,5230,5200,5000,0,0,0,0,0,0,0,2284,34,200,0,0,0,0,0,0,0,0,0,3,
012205,084519,1525909521.0185688,5240,5250,5260,0,0,0,0,0,0,0,300,534,500,0,0,0,0,0,0,0,5230,5200,5010,0,0,0,0,0,0,0,2284,34,1,0,0,0,0,0,0,0,0,0,3,
012205,084526,1525909527.8026106,5240,5250,5260,0,0,0,0,0,0,0,300,534,500,0,0,0,0,0,0,0,5230,5200,5010,0,0,0,0,0,0,0,2284,34,1,0,0,0,0,0,0,0,0,0,3,
012205,084540,1525909541.3081036,5240,5250,5260,0,0,0,0,0,0,0,300,534,500,0,0,0,0,0,0,0,5230,5200,5010,0,0,0,0,0,0,0,2284,34,1,0,0,0,0,0,0,0,0,0,3,
012205,084543,1525909544.2991772,5240,5250,5260,0,0,0,0,0,0,0,300,534,500,0,0,0,0,0,0,0,5230,5200,5010,0,0,0,0,0,0,0,2024,34,1,0,0,0,0,0,0,0,0,0,3,
012205,084544,1525909545.3143802,5240,5250,5260,0,0,0,0,0,0,0,300,534,500,0,0,0,0,0,0,0,5230,5200,5010,0,0,0,0,0,0,0,2024,34,1,0,0,0,0,0,0,0,0,0,3,
012205,084547,1525909548.995935,5240,5250,5260,0,0,0,0,0,0,0,300,534,500,0,0,0,0,0,0,0,5230,5200,5010,0,0,0,0,0,0,0,2503,34,1,0,0,0,0,0,0,0,0,0,3,
012205,084551,1525909552.306522,5240,5250,5260,0,0,0,0,0,0,0,300,534,500,0,0,0,0,0,0,0,5230,5200,5100,0,0,0,0,0,0,0,2503,34,210,0,0,0,0,0,0,0,0,0,3,
012205,084554,1525909555.8383012,5240,5250,5260,0,0,0,0,0,0,0,300,534,500,0,0,0,0,0,0,0,5230,5200,5100,0,0,0,0,0,0,0,2503,34,210,0,0,0,0,0,0,0,0,0,3,
012205,084559,1525909560.166162,5240,5250,5260,0,0,0,0,0,0,0,300,534,500,0,0,0,0,0,0,0,5230,5200,5100,0,0,0,0,0,0,0,2603,34,210,0,0,0,0,0,0,0,0,0,3,
012205,084559,1525909561.0745866,5250,5260,5270,0,0,0,0,0,0,0,534,500,503,0,0,0,0,0,0,0,5240,5230,5200,0,0,0,0,0,0,0,25,3978,34,0,0,0,0,0,0,0,0,0,3,
012205,084603,1525909564.9739642,5240,5250,5260,0,0,0,0,0,0,0,300,534,500,0,0,0,0,0,0,0,5230,5200,5100,0,0,0,0,0,0,0,3891,34,210,0,0,0,0,0,0,0,0,0,3,
012205,084604,1525909565.3473022,5240,5250,5260,0,0,0,0,0,0,0,300,534,500,0,0,0,0,0,0,0,5230,5200,5100,0,0,0,0,0,0,0,3903,34,210,0,0,0,0,0,0,0,0,0,3,
012205,084607,1525909568.443711,5240,5250,5260,0,0,0,0,0,0,0,300,534,500,0,0,0,0,0,0,0,5230,5200,5100,0,0,0,0,0,0,0,3903,34,210,0,0,0,0,0,0,0,0,0,3,
012205,084624,1525909585.441803,5240,5250,5260,0,0,0,0,0,0,0,300,534,500,0,0,0,0,0,0,0,5230,5200,5100,0,0,0,0,0,0,0,3903,34,210,0,0,0,0,0,0,0,0,0,3,
012205,084640,1525909602.1584783,5240,5250,5260,0,0,0,0,0,0,0,300,534,500,0,0,0,0,0,0,0,5230,5200,5100,0,0,0,0,0,0,0,3903,34,210,0,0,0,0,0,0,0,0,0,3,
012205,084643,1525909604.9886029,5240,5250,5260,0,0,0,0,0,0,0,300,534,500,0,0,0,0,0,0,0,5230,5200,5100,0,0,0,0,0,0,0,3903,34,210,0,0,0,0,0,0,0,0,0,3,
012205,084730,1525909651.8242378,5240,5250,5260,0,0,0,0,0,0,0,300,534,500,0,0,0,0,0,0,0,5230,5200,5100,0,0,0,0,0,0,0,3903,34,210,0,0,0,0,0,0,0,0,0,3,
012205,084739,1525909660.9554796,5240,5250,5260,0,0,0,0,0,0,0,300,534,500,0,0,0,0,0,0,0,5230,5200,5100,0,0,0,0,0,0,0,2423,34,210,0,0,0,0,0,0,0,0,0,3,
012205,084740,1525909661.3186958,5240,5250,5260,0,0,0,0,0,0,0,300,534,500,0,0,0,0,0,0,0,5230,5200,5100,0,0,0,0,0,0,0,2423,34,210,0,0,0,0,0,0,0,0,0,3,
012205,084744,1525909665.4445882,5240,5250,5260,0,0,0,0,0,0,0,300,534,500,0,0,0,0,0,0,0,5230,5200,5100,0,0,0,0,0,0,0,2423,34,210,0,0,0,0,0,0,0,0,0,3,
012205,084749,1525909671.1584039,5240,5250,5260,0,0,0,0,0,0,0,300,534,500,0,0,0,0,0,0,0,5230,5200,5100,0,0,0,0,0,0,0,1944,34,210,0,0,0,0,0,0,0,0,0,3,
012205,084759,1525909680.1857297,5240,5250,5260,0,0,0,0,0,0,0,300,534,500,0,0,0,0,0,0,0,5230,5200,5100,0,0,0,0,0,0,0,1944,34,211,0,0,0,0,0,0,0,0,0,3,
012205,084805,1525909686.382803,5240,5250,5260,0,0,0,0,0,0,0,300,534,500,0,0,0,0,0,0,0,5230,5200,5100,0,0,0,0,0,0,0,1944,34,211,0,0,0,0,0,0,0,0,0,3,
012205,084812,1525909693.4842424,5240,5250,5260,0,0,0,0,0,0,0,300,534,500,0,0,0,0,0,0,0,5230,5200,5100,0,0,0,0,0,0,0,1944,34,211,0,0,0,0,0,0,0,0,0,3,
012205,084817,1525909698.4658318,5240,5250,5260,0,0,0,0,0,0,0,300,534,500,0,0,0,0,0,0,0,5230,5200,5100,0,0,0,0,0,0,0,1694,34,211,0,0,0,0,0,0,0,0,0,3,
012205,084818,1525909699.857148,5240,5250,5260,0,0,0,0,0,0,0,300,534,500,0,0,0,0,0,0,0,5230,5200,5100,0,0,0,0,0,0,0,1694,34,211,0,0,0,0,0,0,0,0,0,3,
012205,084830,1525909711.8803003,5240,5250,5260,0,0,0,0,0,0,0,300,534,500,0,0,0,0,0,0,0,5230,5200,5100,0,0,0,0,0,0,0,1494,34,211,0,0,0,0,0,0,0,0,0,3,
012205,084836,1525909717.2772765,5240,5250,5260,0,0,0,0,0,0,0,300,534,500,0,0,0,0,0,0,0,5230,5200,5100,0,0,0,0,0,0,0,1494,34,211,0,0,0,0,0,0,0,0,0,3,
012205,084839,1525909720.586558,5240,5250,5260,0,0,0,0,0,0,0,300,534,500,0,0,0,0,0,0,0,5230,5200,5100,0,0,0,0,0,0,0,1494,34,211,0,0,0,0,0,0,0,0,0,3,
012205,084840,1525909722.0280714,5240,5250,5260,0,0,0,0,0,0,0,300,534,500,0,0,0,0,0,0,0,5230,5200,5100,0,0,0,0,0,0,0,1105,34,211,0,0,0,0,0,0,0,0,0,3,
012205,084844,1525909725.9828866,5240,5250,5260,0,0,0,0,0,0,0,300,534,500,0,0,0,0,0,0,0,5230,5200,5100,0,0,0,0,0,0,0,1517,34,211,0,0,0,0,0,0,0,0,0,3,
012205,084852,1525909733.943008,5240,5250,5260,0,0,0,0,0,0,0,300,534,500,0,0,0,0,0,0,0,5230,5200,5100,0,0,0,0,0,0,0,1516,34,211,0,0,0,0,0,0,0,0,0,3,
012205,084858,1525909739.2858465,5240,5250,5260,0,0,0,0,0,0,0,300,534,500,0,0,0,0,0,0,0,5230,5200,5100,0,0,0,0,0,0,0,1928,34,211,0,0,0,0,0,0,0,0,0,3,
012205,084906,1525909747.1984622,5240,5250,5260,0,0,0,0,0,0,0,300,534,500,0,0,0,0,0,0,0,5230,5200,5100,0,0,0,0,0,0,0,1683,34,211,0,0,0,0,0,0,0,0,0,3,
012205,084912,1525909753.942668,5240,5250,5260,0,0,0,0,0,0,0,300,534,500,0,0,0,0,0,0,0,5230,5200,5100,0,0,0,0,0,0,0,1579,34,211,0,0,0,0,0,0,0,0,0,3,
012205,084916,1525909757.490078,5240,5250,5260,0,0,0,0,0,0,0,300,534,500,0,0,0,0,0,0,0,5230,5200,5100,0,0,0,0,0,0,0,2079,34,211,0,0,0,0,0,0,0,0,0,3,
012205,084916,1525909757.9699638,5240,5250,5260,0,0,0,0,0,0,0,300,534,500,0,0,0,0,0,0,0,5230,5200,5100,0,0,0,0,0,0,0,2185,34,211,0,0,0,0,0,0,0,0,0,3,
012205,084917,1525909758.5616739,5240,5250,5260,0,0,0,0,0,0,0,300,2534,500,0,0,0,0,0,0,0,5230,5200,5100,0,0,0,0,0,0,0,2185,34,211,0,0,0,0,0,0,0,0,0,3,
012205,084921,1525909763.0202398,5240,5250,5260,0,0,0,0,0,0,0,300,2534,500,0,0,0,0,0,0,0,5230,5200,5100,0,0,0,0,0,0,0,2186,34,211,0,0,0,0,0,0,0,0,0,3,
012205,084927,1525909768.4266443,5240,5250,5260,0,0,0,0,0,0,0,300,2534,500,0,0,0,0,0,0,0,5230,5200,5100,0,0,0,0,0,0,0,2185,34,211,0,0,0,0,0,0,0,0,0,3,
012205,084929,1525909771.0483701,5240,5250,5260,0,0,0,0,0,0,0,300,2534,500,0,0,0,0,0,0,0,5230,5200,5100,0,0,0,0,0,0,0,2185,34,211,0,0,0,0,0,0,0,0,0,3,
012205,084932,1525909773.7637784,5240,5250,5260,0,0,0,0,0,0,0,300,2534,500,0,0,0,0,0,0,0,5230,5200,5100,0,0,0,0,0,0,0,2185,34,211,0,0,0,0,0,0,0,0,0,3,
012205,084935,1525909777.1462245,5240,5250,5260,0,0,0,0,0,0,0,300,2534,500,0,0,0,0,0,0,0,5230,5200,5100,0,0,0,0,0,0,0,2292,34,211,0,0,0,0,0,0,0,0,0,3,
012205,084936,1525909778.0540025,5240,5250,5260,0,0,0,0,0,0,0,300,2534,500,0,0,0,0,0,0,0,5230,5200,5100,0,0,0,0,0,0,0,2293,34,211,0,0,0,0,0,0,0,0,0,3,
012205,084940,1525909781.1972964,5240,5250,5260,0,0,0,0,0,0,0,300,2534,500,0,0,0,0,0,0,0,5230,5200,5100,0,0,0,0,0,0,0,2187,34,211,0,0,0,0,0,0,0,0,0,3,
012205,084942,1525909783.513883,5240,5250,5260,0,0,0,0,0,0,0,300,2534,500,0,0,0,0,0,0,0,5230,5200,5100,0,0,0,0,0,0,0,2187,34,211,0,0,0,0,0,0,0,0,0,3,
012205,084953,1525909795.120405,5240,5250,5260,0,0,0,0,0,0,0,300,2500,500,0,0,0,0,0,0,0,5230,5200,5100,0,0,0,0,0,0,0,2187,34,211,0,0,0,0,0,0,0,0,0,3,
012205,084958,1525909799.3985412,5240,5250,5260,0,0,0,0,0,0,0,300,2500,500,0,0,0,0,0,0,0,5230,5200,5100,0,0,0,0,0,0,0,1687,34,211,0,0,0,0,0,0,0,0,0,3,
012205,085006,1525909807.9428325,5240,5250,5260,0,0,0,0,0,0,0,300,2500,500,0,0,0,0,0,0,0,5230,5200,5100,0,0,0,0,0,0,0,1687,34,211,0,0,0,0,0,0,0,0,0,3,
012205,085007,1525909808.9640517,5240,5250,5260,0,0,0,0,0,0,0,300,2500,500,0,0,0,0,0,0,0,5230,5200,5100,0,0,0,0,0,0,0,1687,34,211,0,0,0,0,0,0,0,0,0,3,
012205,085018,1525909819.7634678,5240,5250,5260,0,0,0,0,0,0,0,300,2500,500,0,0,0,0,0,0,0,5230,5200,5150,0,0,0,0,0,0,0,1687,34,5,0,0,0,0,0,0,0,0,0,3,
012205,085021,1525909822.5059254,5240,5250,5260,0,0,0,0,0,0,0,300,2500,500,0,0,0,0,0,0,0,5230,5200,5150,0,0,0,0,0,0,0,1582,34,5,0,0,0,0,0,0,0,0,0,3,
012205,085025,1525909826.4338608,5240,5250,5260,0,0,0,0,0,0,0,300,2500,500,0,0,0,0,0,0,0,5230,5200,5150,0,0,0,0,0,0,0,1582,34,5,0,0,0,0,0,0,0,0,0,3,
012205,085030,1525909831.2125216,5240,5250,5260,0,0,0,0,0,0,0,300,2500,500,0,0,0,0,0,0,0,5230,5200,5150,0,0,0,0,0,0,0,1582,34,5,0,0,0,0,0,0,0,0,0,3,
012205,085030,1525909831.2667553,5240,5250,5260,0,0,0,0,0,0,0,300,2500,500,0,0,0,0,0,0,0,5230,5200,5150,0,0,0,0,0,0,0,1582,34,5,0,0,0,0,0,0,0,0,0,3,
012205,085030,1525909831.3619905,5240,5250,5260,0,0,0,0,0,0,0,300,2500,500,0,0,0,0,0,0,0,5230,5200,5150,0,0,0,0,0,0,0,1582,34,5,0,0,0,0,0,0,0,0,0,3,
012205,085030,1525909831.4269834,5240,5250,5260,0,0,0,0,0,0,0,300,2500,500,0,0,0,0,0,0,0,5230,5200,5150,0,0,0,0,0,0,0,1582,34,5,0,0,0,0,0,0,0,0,0,3,
012205,085030,1525909831.481154,5240,5250,5260,0,0,0,0,0,0,0,300,2500,500,0,0,0,0,0,0,0,5230,5200,5150,0,0,0,0,0,0,0,1582,34,5,0,0,0,0,0,0,0,0,0,3,
012205,085030,1525909831.5915174,5240,5250,5260,0,0,0,0,0,0,0,300,2500,500,0,0,0,0,0,0,0,5230,5200,5150,0,0,0,0,0,0,0,1582,34,5,0,0,0,0,0,0,0,0,0,3,
012205,085031,1525909832.3945677,5240,5250,5260,0,0,0,0,0,0,0,300,2500,500,0,0,0,0,0,0,0,5230,5200,5150,0,0,0,0,0,0,0,1582,34,5,0,0,0,0,0,0,0,0,0,3,
012205,085031,1525909832.4447424,5240,5250,5260,0,0,0,0,0,0,0,300,2500,500,0,0,0,0,0,0,0,5230,5200,5150,0,0,0,0,0,0,0,1582,34,5,0,0,0,0,0,0,0,0,0,3,
012205,085031,1525909832.5558908,5240,5250,5260,0,0,0,0,0,0,0,300,2500,500,0,0,0,0,0,0,0,5230,5200,5150,0,0,0,0,0,0,0,1582,34,5,0,0,0,0,0,0,0,0,0,3,
012205,085031,1525909832.6620004,5240,5250,5260,0,0,0,0,0,0,0,300,2500,500,0,0,0,0,0,0,0,5230,5200,5150,0,0,0,0,0,0,0,1582,34,5,0,0,0,0,0,0,0,0,0,3,
012205,085031,1525909832.7701955,5240,5250,5260,0,0,0,0,0,0,0,300,2500,500,0,0,0,0,0,0,0,5230,5200,5150,0,0,0,0,0,0,0,1582,34,5,0,0,0,0,0,0,0,0,0,3,
012205,085032,1525909834.1104906,5240,5250,5260,0,0,0,0,0,0,0,300,2500,500,0,0,0,0,0,0,0,5230,5200,5150,0,0,0,0,0,0,0,1582,34,5,0,0,0,0,0,0,0,0,0,3,
012205,085033,1525909834.163622,5240,5250,5260,0,0,0,0,0,0,0,300,2500,500,0,0,0,0,0,0,0,5230,5200,5150,0,0,0,0,0,0,0,1582,34,5,0,0,0,0,0,0,0,0,0,3,
012205,085033,1525909834.27391,5240,5250,5260,0,0,0,0,0,0,0,300,2500,500,0,0,0,0,0,0,0,5230,5200,5150,0,0,0,0,0,0,0,1582,34,5,0,0,0,0,0,0,0,0,0,3,
012205,085033,1525909834.379776,5240,5250,5260,0,0,0,0,0,0,0,300,2500,500,0,0,0,0,0,0,0,5230,5200,5150,0,0,0,0,0,0,0,1582,34,5,0,0,0,0,0,0,0,0,0,3,
012205,085033,1525909834.4856186,5240,5250,5260,0,0,0,0,0,0,0,300,2500,500,0,0,0,0,0,0,0,5230,5200,5150,0,0,0,0,0,0,0,1582,34,5,0,0,0,0,0,0,0,0,0,3,
012205,085033,1525909835.1332998,5240,5250,5260,0,0,0,0,0,0,0,300,2500,500,0,0,0,0,0,0,0,5230,5200,5150,0,0,0,0,0,0,0,1582,34,5,0,0,0,0,0,0,0,0,0,3,
012205,085034,1525909835.2405982,5240,5250,5260,0,0,0,0,0,0,0,300,2500,500,0,0,0,0,0,0,0,5230,5200,5150,0,0,0,0,0,0,0,1582,34,5,0,0,0,0,0,0,0,0,0,3,
012205,085034,1525909835.2937744,5240,5250,5260,0,0,0,0,0,0,0,300,2500,500,0,0,0,0,0,0,0,5230,5200,5150,0,0,0,0,0,0,0,1582,34,5,0,0,0,0,0,0,0,0,0,3,
012205,085034,1525909835.4020257,5240,5250,5260,0,0,0,0,0,0,0,300,2500,500,0,0,0,0,0,0,0,5230,5200,5150,0,0,0,0,0,0,0,1582,34,5,0,0,0,0,0,0,0,0,0,3,
012205,085034,1525909835.5101428,5240,5250,5260,0,0,0,0,0,0,0,300,2500,500,0,0,0,0,0,0,0,5230,5200,5150,0,0,0,0,0,0,0,1582,34,5,0,0,0,0,0,0,0,0,0,3,
012205,085034,1525909836.0451603,5240,5250,5260,0,0,0,0,0,0,0,300,2500,500,0,0,0,0,0,0,0,5230,5200,5150,0,0,0,0,0,0,0,1582,34,5,0,0,0,0,0,0,0,0,0,3,
012205,085034,1525909836.0945606,5240,5250,5260,0,0,0,0,0,0,0,300,2500,500,0,0,0,0,0,0,0,5230,5200,5150,0,0,0,0,0,0,0,1582,34,5,0,0,0,0,0,0,0,0,0,3,
012205,085035,1525909836.2076678,5240,5250,5260,0,0,0,0,0,0,0,300,2500,500,0,0,0,0,0,0,0,5230,5200,5150,0,0,0,0,0,0,0,1582,34,5,0,0,0,0,0,0,0,0,0,3,
012205,085035,1525909836.3148463,5240,5250,5260,0,0,0,0,0,0,0,300,2500,500,0,0,0,0,0,0,0,5230,5200,5150,0,0,0,0,0,0,0,1582,34,5,0,0,0,0,0,0,0,0,0,3,
012205,085035,1525909836.4622262,5240,5250,5260,0,0,0,0,0,0,0,300,2500,500,0,0,0,0,0,0,0,5230,5200,5150,0,0,0,0,0,0,0,1582,34,5,0,0,0,0,0,0,0,0,0,3,
012205,085037,1525909838.5622616,5240,5250,5260,0,0,0,0,0,0,0,300,2500,500,0,0,0,0,0,0,0,5230,5200,5150,0,0,0,0,0,0,0,1582,34,5,0,0,0,0,0,0,0,0,0,3,
012205,085038,1525909839.2068732,5240,5250,5260,0,0,0,0,0,0,0,300,2500,500,0,0,0,0,0,0,0,5230,5200,5150,0,0,0,0,0,0,0,1582,34,5,0,0,0,0,0,0,0,0,0,3,
012205,085038,1525909839.3140726,5240,5250,5260,0,0,0,0,0,0,0,300,2500,500,0,0,0,0,0,0,0,5230,5200,5150,0,0,0,0,0,0,0,1582,34,5,0,0,0,0,0,0,0,0,0,3,
012205,085038,1525909839.4203448,5240,5250,5260,0,0,0,0,0,0,0,300,2500,500,0,0,0,0,0,0,0,5230,5200,5150,0,0,0,0,0,0,0,1582,34,5,0,0,0,0,0,0,0,0,0,3,
012205,085038,1525909839.527798,5240,5250,5260,0,0,0,0,0,0,0,300,2500,500,0,0,0,0,0,0,0,5230,5200,5150,0,0,0,0,0,0,0,1582,34,5,0,0,0,0,0,0,0,0,0,3,
012205,085038,1525909839.6358497,5240,5250,5260,0,0,0,0,0,0,0,300,2500,500,0,0,0,0,0,0,0,5230,5200,5150,0,0,0,0,0,0,0,1582,34,5,0,0,0,0,0,0,0,0,0,3,
012205,085040,1525909841.56165,5240,5250,5260,0,0,0,0,0,0,0,300,2500,500,0,0,0,0,0,0,0,5230,5200,5150,0,0,0,0,0,0,0,1582,34,5,0,0,0,0,0,0,0,0,0,3,
012205,085040,1525909841.671851,5240,5250,5260,0,0,0,0,0,0,0,300,2500,500,0,0,0,0,0,0,0,5230,5200,5150,0,0,0,0,0,0,0,2582,34,5,0,0,0,0,0,0,0,0,0,3,
012205,085040,1525909841.7790923,5240,5250,5260,0,0,0,0,0,0,0,300,2500,500,0,0,0,0,0,0,0,5230,5200,5150,0,0,0,0,0,0,0,2582,34,5,0,0,0,0,0,0,0,0,0,3,
012205,085040,1525909841.8321714,5240,5250,5260,0,0,0,0,0,0,0,300,2500,500,0,0,0,0,0,0,0,5230,5200,5150,0,0,0,0,0,0,0,2582,34,5,0,0,0,0,0,0,0,0,0,3,
012205,085040,1525909841.9937084,5240,5250,5260,0,0,0,0,0,0,0,300,2500,500,0,0,0,0,0,0,0,5230,5200,5150,0,0,0,0,0,0,0,2582,34,5,0,0,0,0,0,0,0,0,0,3,
012205,085042,1525909843.2250133,5240,5250,5260,0,0,0,0,0,0,0,300,2500,500,0,0,0,0,0,0,0,5230,5200,5150,0,0,0,0,0,0,0,2582,34,5,0,0,0,0,0,0,0,0,0,3,
012205,085042,1525909843.278052,5240,5250,5260,0,0,0,0,0,0,0,300,2500,500,0,0,0,0,0,0,0,5230,5200,5150,0,0,0,0,0,0,0,2582,34,5,0,0,0,0,0,0,0,0,0,3,
012205,085042,1525909843.4283655,5240,5250,5260,0,0,0,0,0,0,0,300,2500,500,0,0,0,0,0,0,0,5230,5200,5150,0,0,0,0,0,0,0,2582,34,5,0,0,0,0,0,0,0,0,0,3,
012205,085042,1525909843.5444832,5240,5250,5260,0,0,0,0,0,0,0,300,2500,500,0,0,0,0,0,0,0,5230,5200,5150,0,0,0,0,0,0,0,2582,34,5,0,0,0,0,0,0,0,0,0,3,
012205,085042,1525909843.5948927,5240,5250,5260,0,0,0,0,0,0,0,300,2500,500,0,0,0,0,0,0,0,5230,5200,5150,0,0,0,0,0,0,0,2582,34,5,0,0,0,0,0,0,0,0,0,3,
012205,085043,1525909844.1335874,5240,5250,5260,0,0,0,0,0,0,0,300,2500,500,0,0,0,0,0,0,0,5230,5200,5150,0,0,0,0,0,0,0,2682,34,5,0,0,0,0,0,0,0,0,0,3,
012205,085043,1525909844.1885154,5240,5250,5260,0,0,0,0,0,0,0,300,2500,500,0,0,0,0,0,0,0,5230,5200,5150,0,0,0,0,0,0,0,2682,34,5,0,0,0,0,0,0,0,0,0,3,
012205,085043,1525909844.2946327,5240,5250,5260,0,0,0,0,0,0,0,300,2500,500,0,0,0,0,0,0,0,5230,5200,5150,0,0,0,0,0,0,0,2682,34,5,0,0,0,0,0,0,0,0,0,3,
012205,085043,1525909844.4038541,5240,5250,5260,0,0,0,0,0,0,0,300,2500,500,0,0,0,0,0,0,0,5230,5200,5150,0,0,0,0,0,0,0,2682,34,5,0,0,0,0,0,0,0,0,0,3,
012205,085043,1525909844.509002,5240,5250,5260,0,0,0,0,0,0,0,300,2500,500,0,0,0,0,0,0,0,5230,5200,5150,0,0,0,0,0,0,0,2682,34,5,0,0,0,0,0,0,0,0,0,3,
012205,085043,1525909845.0453494,5240,5250,5260,0,0,0,0,0,0,0,300,2500,500,0,0,0,0,0,0,0,5230,5200,5150,0,0,0,0,0,0,0,2682,34,5,0,0,0,0,0,0,0,0,0,3,
012205,085043,1525909845.0994153,5240,5250,5260,0,0,0,0,0,0,0,300,2500,500,0,0,0,0,0,0,0,5230,5200,5150,0,0,0,0,0,0,0,2682,34,5,0,0,0,0,0,0,0,0,0,3,
012205,085044,1525909845.2597494,5240,5250,5260,0,0,0,0,0,0,0,300,2500,500,0,0,0,0,0,0,0,5230,5200,5150,0,0,0,0,0,0,0,2682,34,5,0,0,0,0,0,0,0,0,0,3,
012205,085044,1525909845.3138304,5240,5250,5260,0,0,0,0,0,0,0,300,2500,500,0,0,0,0,0,0,0,5230,5200,5150,0,0,0,0,0,0,0,2682,34,5,0,0,0,0,0,0,0,0,0,3,
012205,085044,1525909845.4210758,5240,5250,5260,0,0,0,0,0,0,0,300,2500,500,0,0,0,0,0,0,0,5230,5200,5150,0,0,0,0,0,0,0,2682,34,5,0,0,0,0,0,0,0,0,0,3,
012205,085044,1525909845.849626,5240,5250,5260,0,0,0,0,0,0,0,300,2500,500,0,0,0,0,0,0,0,5230,5200,5150,0,0,0,0,0,0,0,2682,34,5,0,0,0,0,0,0,0,0,0,3,
012205,085044,1525909845.944848,5240,5250,5260,0,0,0,0,0,0,0,300,2500,500,0,0,0,0,0,0,0,5230,5200,5150,0,0,0,0,0,0,0,2682,34,5,0,0,0,0,0,0,0,0,0,3,
012205,085044,1525909846.0619678,5240,5250,5260,0,0,0,0,0,0,0,300,2500,500,0,0,0,0,0,0,0,5230,5200,5150,0,0,0,0,0,0,0,2681,34,5,0,0,0,0,0,0,0,0,0,3,
012205,085045,1525909846.170011,5240,5250,5260,0,0,0,0,0,0,0,300,2500,500,0,0,0,0,0,0,0,5230,5200,5150,0,0,0,0,0,0,0,2681,34,5,0,0,0,0,0,0,0,0,0,3,
012205,085045,1525909846.276278,5240,5250,5260,0,0,0,0,0,0,0,300,2500,500,0,0,0,0,0,0,0,5230,5200,5150,0,0,0,0,0,0,0,2681,34,5,0,0,0,0,0,0,0,0,0,3,
012205,085045,1525909846.707718,5240,5250,5260,0,0,0,0,0,0,0,300,2500,500,0,0,0,0,0,0,0,5230,5200,5150,0,0,0,0,0,0,0,2681,34,5,0,0,0,0,0,0,0,0,0,3,
012205,085045,1525909846.759464,5240,5250,5260,0,0,0,0,0,0,0,300,2500,500,0,0,0,0,0,0,0,5230,5200,5150,0,0,0,0,0,0,0,2681,34,5,0,0,0,0,0,0,0,0,0,3,
012205,085045,1525909846.8667164,5240,5250,5260,0,0,0,0,0,0,0,300,2500,500,0,0,0,0,0,0,0,5230,5200,5150,0,0,0,0,0,0,0,2681,34,5,0,0,0,0,0,0,0,0,0,3,
012205,085045,1525909846.9610941,5240,5250,5260,0,0,0,0,0,0,0,300,2500,500,0,0,0,0,0,0,0,5230,5200,5150,0,0,0,0,0,0,0,2681,34,5,0,0,0,0,0,0,0,0,0,3,
012205,085045,1525909847.080092,5240,5250,5260,0,0,0,0,0,0,0,300,2500,500,0,0,0,0,0,0,0,5230,5200,5150,0,0,0,0,0,0,0,2681,34,5,0,0,0,0,0,0,0,0,0,3,
012205,085046,1525909847.5616233,5240,5250,5260,0,0,0,0,0,0,0,300,2500,500,0,0,0,0,0,0,0,5230,5200,5150,0,0,0,0,0,0,0,2681,34,5,0,0,0,0,0,0,0,0,0,3,
012205,085047,1525909848.4614458,5240,5250,5260,0,0,0,0,0,0,0,300,2500,500,0,0,0,0,0,0,0,5230,5200,5150,0,0,0,0,0,0,0,2681,34,5,0,0,0,0,0,0,0,0,0,3,
012205,085047,1525909848.5817199,5240,5250,5260,0,0,0,0,0,0,0,300,2500,500,0,0,0,0,0,0,0,5230,5200,5150,0,0,0,0,0,0,0,2681,34,5,0,0,0,0,0,0,0,0,0,3,
012205,085047,1525909848.6918724,5240,5250,5260,0,0,0,0,0,0,0,300,2500,500,0,0,0,0,0,0,0,5230,5200,5150,0,0,0,0,0,0,0,2681,34,5,0,0,0,0,0,0,0,0,0,3,
012205,085047,1525909848.79733,5240,5250,5260,0,0,0,0,0,0,0,300,2500,500,0,0,0,0,0,0,0,5230,5200,5150,0,0,0,0,0,0,0,2681,34,5,0,0,0,0,0,0,0,0,0,3,
012205,085047,1525909848.850459,5240,5250,5260,0,0,0,0,0,0,0,300,2500,500,0,0,0,0,0,0,0,5230,5200,5150,0,0,0,0,0,0,0,2681,34,5,0,0,0,0,0,0,0,0,0,3,
012205,085048,1525909849.3336828,5240,5250,5260,0,0,0,0,0,0,0,300,2500,500,0,0,0,0,0,0,0,5230,5200,5150,0,0,0,0,0,0,0,2681,34,5,0,0,0,0,0,0,0,0,0,3,
012205,085048,1525909849.3877487,5240,5250,5260,0,0,0,0,0,0,0,300,2500,500,0,0,0,0,0,0,0,5230,5200,5150,0,0,0,0,0,0,0,2681,34,5,0,0,0,0,0,0,0,0,0,3,
012205,085048,1525909849.4978733,5240,5250,5260,0,0,0,0,0,0,0,300,2500,500,0,0,0,0,0,0,0,5230,5200,5150,0,0,0,0,0,0,0,2681,34,5,0,0,0,0,0,0,0,0,0,3,
012205,085048,1525909849.6020665,5240,5250,5260,0,0,0,0,0,0,0,300,2500,500,0,0,0,0,0,0,0,5230,5200,5150,0,0,0,0,0,0,0,2681,34,5,0,0,0,0,0,0,0,0,0,3,
012205,085048,1525909849.761744,5240,5250,5260,0,0,0,0,0,0,0,300,2500,500,0,0,0,0,0,0,0,5230,5200,5150,0,0,0,0,0,0,0,2681,34,5,0,0,0,0,0,0,0,0,0,3,
012205,085049,1525909850.1385164,5240,5250,5260,0,0,0,0,0,0,0,300,2500,500,0,0,0,0,0,0,0,5230,5200,5150,0,0,0,0,0,0,0,2681,34,5,0,0,0,0,0,0,0,0,0,3,
012205,085049,1525909850.2450464,5240,5250,5260,0,0,0,0,0,0,0,300,2500,500,0,0,0,0,0,0,0,5230,5200,5150,0,0,0,0,0,0,0,2681,34,5,0,0,0,0,0,0,0,0,0,3,
012205,085049,1525909850.3513322,5240,5250,5260,0,0,0,0,0,0,0,300,2500,500,0,0,0,0,0,0,0,5230,5200,5150,0,0,0,0,0,0,0,2681,34,5,0,0,0,0,0,0,0,0,0,3,
012205,085049,1525909850.4604757,5240,5250,5260,0,0,0,0,0,0,0,300,2500,500,0,0,0,0,0,0,0,5230,5200,5150,0,0,0,0,0,0,0,2681,34,5,0,0,0,0,0,0,0,0,0,3,
012205,085049,1525909850.5609806,5240,5250,5260,0,0,0,0,0,0,0,300,2500,500,0,0,0,0,0,0,0,5230,5200,5150,0,0,0,0,0,0,0,2681,34,5,0,0,0,0,0,0,0,0,0,3,
012205,085050,1525909852.1193063,5240,5250,5260,0,0,0,0,0,0,0,300,2500,500,0,0,0,0,0,0,0,5230,5200,5150,0,0,0,0,0,0,0,2681,34,5,0,0,0,0,0,0,0,0,0,3,
012205,085051,1525909852.172421,5240,5250,5260,0,0,0,0,0,0,0,300,2500,500,0,0,0,0,0,0,0,5230,5200,5150,0,0,0,0,0,0,0,2681,34,5,0,0,0,0,0,0,0,0,0,3,
012205,085051,1525909852.2797036,5240,5250,5260,0,0,0,0,0,0,0,300,2500,500,0,0,0,0,0,0,0,5230,5200,5150,0,0,0,0,0,0,0,2681,34,5,0,0,0,0,0,0,0,0,0,3,
012205,085051,1525909852.3861477,5240,5250,5260,0,0,0,0,0,0,0,300,2500,500,0,0,0,0,0,0,0,5230,5200,5150,0,0,0,0,0,0,0,2681,34,5,0,0,0,0,0,0,0,0,0,3,
012205,085051,1525909852.4953027,5240,5250,5260,0,0,0,0,0,0,0,300,2500,500,0,0,0,0,0,0,0,5230,5200,5150,0,0,0,0,0,0,0,2681,34,5,0,0,0,0,0,0,0,0,0,3,
012205,085052,1525909853.3017488,5240,5250,5260,0,0,0,0,0,0,0,300,2500,500,0,0,0,0,0,0,0,5230,5200,5150,0,0,0,0,0,0,0,2681,34,5,0,0,0,0,0,0,0,0,0,3,
012205,085052,1525909853.3538616,5240,5250,5260,0,0,0,0,0,0,0,300,2500,500,0,0,0,0,0,0,0,5230,5200,5150,0,0,0,0,0,0,0,2681,34,5,0,0,0,0,0,0,0,0,0,3,
012205,085052,1525909853.4451263,5240,5250,5260,0,0,0,0,0,0,0,300,2500,500,0,0,0,0,0,0,0,5230,5200,5150,0,0,0,0,0,0,0,2681,34,5,0,0,0,0,0,0,0,0,0,3,
012205,085052,1525909853.5660958,5240,5250,5260,0,0,0,0,0,0,0,300,2500,500,0,0,0,0,0,0,0,5230,5200,5150,0,0,0,0,0,0,0,2681,34,5,0,0,0,0,0,0,0,0,0,3,
012205,085052,1525909853.6740124,5240,5250,5260,0,0,0,0,0,0,0,300,2500,500,0,0,0,0,0,0,0,5230,5200,5150,0,0,0,0,0,0,0,2681,34,5,0,0,0,0,0,0,0,0,0,3,
012205,085052,1525909854.155604,5240,5250,5260,0,0,0,0,0,0,0,300,2500,500,0,0,0,0,0,0,0,5230,5200,5150,0,0,0,0,0,0,0,2681,34,5,0,0,0,0,0,0,0,0,0,3,
012205,085053,1525909854.2086377,5240,5250,5260,0,0,0,0,0,0,0,300,2500,500,0,0,0,0,0,0,0,5230,5200,5150,0,0,0,0,0,0,0,2681,34,5,0,0,0,0,0,0,0,0,0,3,
012205,085053,1525909854.315857,5240,5250,5260,0,0,0,0,0,0,0,300,2500,500,0,0,0,0,0,0,0,5230,5200,5150,0,0,0,0,0,0,0,2681,34,5,0,0,0,0,0,0,0,0,0,3,
012205,085053,1525909854.4240003,5240,5250,5260,0,0,0,0,0,0,0,300,2500,500,0,0,0,0,0,0,0,5230,5200,5150,0,0,0,0,0,0,0,2681,34,5,0,0,0,0,0,0,0,0,0,3,
012205,085053,1525909854.5281866,5240,5250,5260,0,0,0,0,0,0,0,300,2500,500,0,0,0,0,0,0,0,5230,5200,5150,0,0,0,0,0,0,0,2681,34,5,0,0,0,0,0,0,0,0,0,3,
012205,085053,1525909855.0119548,5240,5250,5260,0,0,0,0,0,0,0,300,2500,500,0,0,0,0,0,0,0,5230,5200,5150,0,0,0,0,0,0,0,2681,34,5,0,0,0,0,0,0,0,0,0,3,
012205,085053,1525909855.0611205,5240,5250,5260,0,0,0,0,0,0,0,300,2500,500,0,0,0,0,0,0,0,5230,5200,5150,0,0,0,0,0,0,0,2681,34,5,0,0,0,0,0,0,0,0,0,3,
012205,085054,1525909855.1733563,5240,5250,5260,0,0,0,0,0,0,0,300,2500,500,0,0,0,0,0,0,0,5230,5200,5150,0,0,0,0,0,0,0,2681,34,5,0,0,0,0,0,0,0,0,0,3,
012205,085054,1525909855.2795298,5240,5250,5260,0,0,0,0,0,0,0,300,2500,500,0,0,0,0,0,0,0,5230,5200,5150,0,0,0,0,0,0,0,2681,34,5,0,0,0,0,0,0,0,0,0,3,
012205,085054,1525909855.3870165,5240,5250,5260,0,0,0,0,0,0,0,300,2500,500,0,0,0,0,0,0,0,5230,5200,5150,0,0,0,0,0,0,0,2681,34,5,0,0,0,0,0,0,0,0,0,3,
012205,085056,1525909857.313223,5240,5250,5260,0,0,0,0,0,0,0,300,2500,500,0,0,0,0,0,0,0,5230,5200,5150,0,0,0,0,0,0,0,2681,34,5,0,0,0,0,0,0,0,0,0,3,
012205,085056,1525909857.9941864,5240,5250,5260,0,0,0,0,0,0,0,300,2500,500,0,0,0,0,0,0,0,5230,5200,5150,0,0,0,0,0,0,0,2681,34,5,0,0,0,0,0,0,0,0,0,3,
012205,085056,1525909858.0619066,5240,5250,5260,0,0,0,0,0,0,0,300,2500,500,0,0,0,0,0,0,0,5230,5200,5150,0,0,0,0,0,0,0,2681,34,5,0,0,0,0,0,0,0,0,0,3,
012205,085057,1525909858.171792,5240,5250,5260,0,0,0,0,0,0,0,300,2500,500,0,0,0,0,0,0,0,5230,5200,5150,0,0,0,0,0,0,0,2681,34,5,0,0,0,0,0,0,0,0,0,3,
012205,085057,1525909858.276987,5240,5250,5260,0,0,0,0,0,0,0,300,2500,500,0,0,0,0,0,0,0,5230,5200,5150,0,0,0,0,0,0,0,2681,34,5,0,0,0,0,0,0,0,0,0,3,
012205,085057,1525909858.3871894,5240,5250,5260,0,0,0,0,0,0,0,300,2500,500,0,0,0,0,0,0,0,5230,5200,5150,0,0,0,0,0,0,0,2681,34,5,0,0,0,0,0,0,0,0,0,3,
012205,085058,1525909860.0444598,5240,5250,5260,0,0,0,0,0,0,0,300,2500,500,0,0,0,0,0,0,0,5230,5200,5150,0,0,0,0,0,0,0,2681,34,5,0,0,0,0,0,0,0,0,0,3,
012205,085058,1525909860.097545,5240,5250,5260,0,0,0,0,0,0,0,300,2500,500,0,0,0,0,0,0,0,5230,5200,5150,0,0,0,0,0,0,0,2681,34,5,0,0,0,0,0,0,0,0,0,3,
012205,085059,1525909860.2059307,5240,5250,5260,0,0,0,0,0,0,0,300,2500,500,0,0,0,0,0,0,0,5230,5200,5150,0,0,0,0,0,0,0,2681,34,5,0,0,0,0,0,0,0,0,0,3,
012205,085059,1525909860.3132384,5240,5250,5260,0,0,0,0,0,0,0,300,2500,500,0,0,0,0,0,0,0,5230,5200,5150,0,0,0,0,0,0,0,2681,34,5,0,0,0,0,0,0,0,0,0,3,
012205,085059,1525909860.4187293,5240,5250,5260,0,0,0,0,0,0,0,300,2500,500,0,0,0,0,0,0,0,5230,5200,5150,0,0,0,0,0,0,0,2681,34,5,0,0,0,0,0,0,0,0,0,3,
012205,085059,1525909860.9936283,5240,5250,5260,0,0,0,0,0,0,0,300,2500,500,0,0,0,0,0,0,0,5230,5200,5150,0,0,0,0,0,0,0,2681,34,5,0,0,0,0,0,0,0,0,0,3,
012205,085059,1525909861.1134162,5240,5250,5260,0,0,0,0,0,0,0,300,2500,500,0,0,0,0,0,0,0,5230,5200,5150,0,0,0,0,0,0,0,2681,34,5,0,0,0,0,0,0,0,0,0,3,
012205,085100,1525909861.2216003,5240,5250,5260,0,0,0,0,0,0,0,300,2500,500,0,0,0,0,0,0,0,5230,5200,5150,0,0,0,0,0,0,0,2681,34,5,0,0,0,0,0,0,0,0,0,3,
012205,085100,1525909861.274579,5240,5250,5260,0,0,0,0,0,0,0,300,2500,500,0,0,0,0,0,0,0,5230,5200,5150,0,0,0,0,0,0,0,2681,34,5,0,0,0,0,0,0,0,0,0,3,
012205,085100,1525909861.4221272,5240,5250,5260,0,0,0,0,0,0,0,300,2500,500,0,0,0,0,0,0,0,5230,5200,5150,0,0,0,0,0,0,0,2681,34,5,0,0,0,0,0,0,0,0,0,3,
012205,085101,1525909862.6131568,5240,5250,5260,0,0,0,0,0,0,0,300,2500,500,0,0,0,0,0,0,0,5230,5200,5150,0,0,0,0,0,0,0,3254,34,5,0,0,0,0,0,0,0,0,0,3,
012205,085112,1525909873.9639955,5240,5250,5260,0,0,0,0,0,0,0,300,2500,500,0,0,0,0,0,0,0,5230,5200,5150,0,0,0,0,0,0,0,3254,34,5,0,0,0,0,0,0,0,0,0,3,
012205,085113,1525909874.552598,5240,5250,5260,0,0,0,0,0,0,0,300,2500,500,0,0,0,0,0,0,0,5230,5200,5150,0,0,0,0,0,0,0,2254,34,5,0,0,0,0,0,0,0,0,0,3,
012205,085119,1525909880.984282,5240,5250,5260,0,0,0,0,0,0,0,300,2500,500,0,0,0,0,0,0,0,5230,5200,5150,0,0,0,0,0,0,0,554,34,5,0,0,0,0,0,0,0,0,0,3,
012205,085124,1525909885.4343452,5240,5250,5260,0,0,0,0,0,0,0,300,2500,500,0,0,0,0,0,0,0,5230,5200,5150,0,0,0,0,0,0,0,1054,34,5,0,0,0,0,0,0,0,0,0,3,
012205,085125,1525909886.50074,5240,5250,5260,0,0,0,0,0,0,0,300,2500,500,0,0,0,0,0,0,0,5230,5200,5150,0,0,0,0,0,0,0,1054,34,5,0,0,0,0,0,0,0,0,0,3,
012205,085132,1525909893.4096417,5240,5250,5260,0,0,0,0,0,0,0,300,2500,500,0,0,0,0,0,0,0,5230,5200,5150,0,0,0,0,0,0,0,1054,34,5,0,0,0,0,0,0,0,0,0,3,
012205,085134,1525909895.8783443,5240,5250,5260,0,0,0,0,0,0,0,300,2500,500,0,0,0,0,0,0,0,5230,5200,5150,0,0,0,0,0,0,0,554,34,5,0,0,0,0,0,0,0,0,0,3,
012205,085139,1525909900.8123,5240,5250,5260,0,0,0,0,0,0,0,300,2500,500,0,0,0,0,0,0,0,5230,5200,5150,0,0,0,0,0,0,0,326,34,5,0,0,0,0,0,0,0,0,0,3,
012205,085142,1525909903.5427122,5240,5250,5260,0,0,0,0,0,0,0,300,2500,500,0,0,0,0,0,0,0,5230,5200,5150,0,0,0,0,0,0,0,330,34,5,0,0,0,0,0,0,0,0,0,3,
012205,085149,1525909910.4594326,5240,5250,5260,0,0,0,0,0,0,0,300,2500,500,0,0,0,0,0,0,0,5230,5200,5150,0,0,0,0,0,0,0,330,34,5,0,0,0,0,0,0,0,0,0,3,
012205,085201,1525909922.8921177,5240,5250,5260,0,0,0,0,0,0,0,300,2500,500,0,0,0,0,0,0,0,5230,5200,5150,0,0,0,0,0,0,0,530,34,5,0,0,0,0,0,0,0,0,0,3,
012205,085204,1525909925.844773,5240,5250,5260,0,0,0,0,0,0,0,300,2500,500,0,0,0,0,0,0,0,5230,5200,5150,0,0,0,0,0,0,0,530,34,5,0,0,0,0,0,0,0,0,0,3,
012205,085213,1525909934.207387,5240,5250,5260,0,0,0,0,0,0,0,300,2500,500,0,0,0,0,0,0,0,5230,5200,5100,0,0,0,0,0,0,0,530,34,1,0,0,0,0,0,0,0,0,0,3,
012205,085214,1525909935.6662545,5240,5250,5260,0,0,0,0,0,0,0,300,2500,500,0,0,0,0,0,0,0,5230,5200,5100,0,0,0,0,0,0,0,480,34,1,0,0,0,0,0,0,0,0,0,3,
012205,085215,1525909936.7253494,5240,5250,5260,0,0,0,0,0,0,0,300,2500,500,0,0,0,0,0,0,0,5230,5200,5100,0,0,0,0,0,0,0,480,34,1,0,0,0,0,0,0,0,0,0,3,
012205,085215,1525909937.0053134,5240,5250,5260,0,0,0,0,0,0,0,300,2500,500,0,0,0,0,0,0,0,5230,5200,5100,0,0,0,0,0,0,0,480,34,1,0,0,0,0,0,0,0,0,0,3,
012205,085215,1525909937.0594494,5240,5250,5260,0,0,0,0,0,0,0,300,2500,500,0,0,0,0,0,0,0,5230,5200,5100,0,0,0,0,0,0,0,490,34,1,0,0,0,0,0,0,0,0,0,3,
012205,085226,1525909947.3410065,5240,5250,5260,0,0,0,0,0,0,0,300,2500,500,0,0,0,0,0,0,0,5230,5200,5100,0,0,0,0,0,0,0,490,34,1,0,0,0,0,0,0,0,0,0,3,
012205,085227,1525909948.905225,5240,5250,5260,0,0,0,0,0,0,0,300,2500,500,0,0,0,0,0,0,0,5230,5200,5100,0,0,0,0,0,0,0,490,34,1,0,0,0,0,0,0,0,0,0,3,
012205,085228,1525909949.4410625,5240,5250,5260,0,0,0,0,0,0,0,300,2500,500,0,0,0,0,0,0,0,5230,5200,5100,0,0,0,0,0,0,0,490,34,1,0,0,0,0,0,0,0,0,0,3,
012205,085229,1525909951.053162,5240,5250,5260,0,0,0,0,0,0,0,300,2500,500,0,0,0,0,0,0,0,5230,5200,5100,0,0,0,0,0,0,0,510,34,1,0,0,0,0,0,0,0,0,0,3,
012205,085234,1525909955.9235737,5240,5250,5260,0,0,0,0,0,0,0,300,2500,500,0,0,0,0,0,0,0,5230,5200,5100,0,0,0,0,0,0,0,510,34,1,0,0,0,0,0,0,0,0,0,3,
012205,085241,1525909963.1123474,5240,5250,5260,0,0,0,0,0,0,0,300,2500,500,0,0,0,0,0,0,0,5230,5200,5100,0,0,0,0,0,0,0,510,34,1,0,0,0,0,0,0,0,0,0,3,
012205,085243,1525909964.922412,5240,5250,5260,0,0,0,0,0,0,0,300,2500,500,0,0,0,0,0,0,0,5230,5200,5100,0,0,0,0,0,0,0,510,34,1,0,0,0,0,0,0,0,0,0,3,
012205,085246,1525909967.2955914,5240,5250,5260,0,0,0,0,0,0,0,300,2500,500,0,0,0,0,0,0,0,5230,5200,5100,0,0,0,0,0,0,0,510,34,1,0,0,0,0,0,0,0,0,0,3,
012205,085254,1525909976.0513449,5240,5250,5260,0,0,0,0,0,0,0,300,2500,500,0,0,0,0,0,0,0,5230,5200,5100,0,0,0,0,0,0,0,510,34,1,0,0,0,0,0,0,0,0,0,3,
012205,085255,1525909976.912474,5230,5240,5250,0,0,0,0,0,0,0,1490,300,2500,0,0,0,0,0,0,0,5200,5100,5010,0,0,0,0,0,0,0,34,1,5,0,0,0,0,0,0,0,0,0,3,
012205,085257,1525909978.8533344,5230,5240,5250,0,0,0,0,0,0,0,1690,300,2500,0,0,0,0,0,0,0,5200,5100,5010,0,0,0,0,0,0,0,34,1,5,0,0,0,0,0,0,0,0,0,3,
012205,085305,1525909986.385553,5230,5240,5250,0,0,0,0,0,0,0,1702,300,2500,0,0,0,0,0,0,0,5200,5100,5010,0,0,0,0,0,0,0,34,1,5,0,0,0,0,0,0,0,0,0,3,
012205,085309,1525909991.0606081,5230,5240,5250,0,0,0,0,0,0,0,1702,300,2500,0,0,0,0,0,0,0,5200,5100,5010,0,0,0,0,0,0,0,34,1,5,0,0,0,0,0,0,0,0,0,3,
012205,085312,1525909993.6401575,5230,5240,5250,0,0,0,0,0,0,0,1702,300,2500,0,0,0,0,0,0,0,5200,5100,5010,0,0,0,0,0,0,0,34,1,5,0,0,0,0,0,0,0,0,0,3,
012205,085316,1525909997.342887,5230,5240,5250,0,0,0,0,0,0,0,1452,300,2500,0,0,0,0,0,0,0,5200,5100,5010,0,0,0,0,0,0,0,34,1,5,0,0,0,0,0,0,0,0,0,3,
012205,085316,1525909997.7157414,5230,5240,5250,0,0,0,0,0,0,0,1452,300,2500,0,0,0,0,0,0,0,5200,5100,5010,0,0,0,0,0,0,0,34,1,5,0,0,0,0,0,0,0,0,0,3,
012205,085319,1525910000.8260293,5230,5240,5250,0,0,0,0,0,0,0,1252,300,2500,0,0,0,0,0,0,0,5200,5100,5010,0,0,0,0,0,0,0,34,1,5,0,0,0,0,0,0,0,0,0,3,
012205,085322,1525910003.6819427,5230,5240,5250,0,0,0,0,0,0,0,1252,300,2500,0,0,0,0,0,0,0,5200,5100,5010,0,0,0,0,0,0,0,34,1,5,0,0,0,0,0,0,0,0,0,3,
012205,085324,1525910005.2981336,5230,5240,5250,0,0,0,0,0,0,0,1252,300,2500,0,0,0,0,0,0,0,5200,5100,5010,0,0,0,0,0,0,0,34,1,5,0,0,0,0,0,0,0,0,0,3,
012205,085324,1525910005.5144413,5230,5240,5250,0,0,0,0,0,0,0,1452,300,2500,0,0,0,0,0,0,0,5200,5100,5010,0,0,0,0,0,0,0,34,1,5,0,0,0,0,0,0,0,0,0,3,
012205,085329,1525910011.0019188,5230,5240,5250,0,0,0,0,0,0,0,1452,300,2500,0,0,0,0,0,0,0,5200,5100,5010,0,0,0,0,0,0,0,34,1,5,0,0,0,0,0,0,0,0,0,3,
012205,085333,1525910014.395617,5230,5240,5250,0,0,0,0,0,0,0,1452,300,2500,0,0,0,0,0,0,0,5200,5100,5010,0,0,0,0,0,0,0,34,1,5,0,0,0,0,0,0,0,0,0,3,
012205,085334,1525910015.6384754,5230,5240,5250,0,0,0,0,0,0,0,1452,300,2500,0,0,0,0,0,0,0,5200,5100,5010,0,0,0,0,0,0,0,34,1,505,0,0,0,0,0,0,0,0,0,3,
012205,085334,1525910015.9549503,5230,5240,5250,0,0,0,0,0,0,0,1294,300,2500,0,0,0,0,0,0,0,5200,5100,5010,0,0,0,0,0,0,0,34,1,505,0,0,0,0,0,0,0,0,0,3,
012205,085337,1525910018.2035499,5230,5240,5250,0,0,0,0,0,0,0,1294,300,2500,0,0,0,0,0,0,0,5200,5100,5010,0,0,0,0,0,0,0,34,1,505,0,0,0,0,0,0,0,0,0,3,
012205,085338,1525910019.6512816,5230,5240,5250,0,0,0,0,0,0,0,1294,300,2500,0,0,0,0,0,0,0,5200,5100,5010,0,0,0,0,0,0,0,34,1,505,0,0,0,0,0,0,0,0,0,3,
012205,085340,1525910021.2594717,5230,5240,5250,0,0,0,0,0,0,0,1294,300,2500,0,0,0,0,0,0,0,5200,5100,5010,0,0,0,0,0,0,0,34,1,505,0,0,0,0,0,0,0,0,0,3,
012205,085342,1525910023.121109,5230,5240,5250,0,0,0,0,0,0,0,1294,300,2500,0,0,0,0,0,0,0,5200,5100,5010,0,0,0,0,0,0,0,34,1,505,0,0,0,0,0,0,0,0,0,3,
012205,085346,1525910027.2198975,5230,5240,5250,0,0,0,0,0,0,0,1294,300,2500,0,0,0,0,0,0,0,5200,5100,5010,0,0,0,0,0,0,0,34,1,505,0,0,0,0,0,0,0,0,0,3,
012205,085347,1525910028.8810985,5230,5240,5250,0,0,0,0,0,0,0,1573,300,2500,0,0,0,0,0,0,0,5200,5100,5010,0,0,0,0,0,0,0,34,1,505,0,0,0,0,0,0,0,0,0,3,
012205,085349,1525910030.5992043,5230,5240,5250,0,0,0,0,0,0,0,1573,300,2500,0,0,0,0,0,0,0,5200,5100,5010,0,0,0,0,0,0,0,34,1,705,0,0,0,0,0,0,0,0,0,3,
012205,085349,1525910030.9752557,5230,5240,5250,0,0,0,0,0,0,0,1573,300,2500,0,0,0,0,0,0,0,5200,5100,5010,0,0,0,0,0,0,0,34,1,705,0,0,0,0,0,0,0,0,0,3,
012205,085356,1525910037.472167,5230,5240,5250,0,0,0,0,0,0,0,1599,300,2500,0,0,0,0,0,0,0,5200,5100,5010,0,0,0,0,0,0,0,34,1,705,0,0,0,0,0,0,0,0,0,3,
012205,085401,1525910042.5697792,5230,5240,5250,0,0,0,0,0,0,0,1099,300,2500,0,0,0,0,0,0,0,5200,5100,5010,0,0,0,0,0,0,0,34,1,705,0,0,0,0,0,0,0,0,0,3,
012205,085401,1525910043.0559292,5230,5240,5250,0,0,0,0,0,0,0,1099,300,2500,0,0,0,0,0,0,0,5200,5100,5010,0,0,0,0,0,0,0,34,1,705,0,0,0,0,0,0,0,0,0,3,
012205,085405,1525910046.9730263,5230,5240,5250,0,0,0,0,0,0,0,2751,300,2500,0,0,0,0,0,0,0,5200,5100,5010,0,0,0,0,0,0,0,34,1,705,0,0,0,0,0,0,0,0,0,3,
012205,085407,1525910048.9035332,5230,5240,5250,0,0,0,0,0,0,0,2751,300,2500,0,0,0,0,0,0,0,5200,5100,5010,0,0,0,0,0,0,0,34,1,705,0,0,0,0,0,0,0,0,0,3,
012205,085411,1525910052.3363473,5230,5240,5250,0,0,0,0,0,0,0,2751,300,2500,0,0,0,0,0,0,0,5200,5100,5010,0,0,0,0,0,0,0,34,1,705,0,0,0,0,0,0,0,0,0,3,
012205,085413,1525910055.0839105,5230,5240,5250,0,0,0,0,0,0,0,2731,300,2500,0,0,0,0,0,0,0,5200,5100,5010,0,0,0,0,0,0,0,34,1,705,0,0,0,0,0,0,0,0,0,3,
012205,085415,1525910056.419637,5230,5240,5250,0,0,0,0,0,0,0,2731,300,2500,0,0,0,0,0,0,0,5200,5100,5010,0,0,0,0,0,0,0,34,1,705,0,0,0,0,0,0,0,0,0,3,
012205,085415,1525910057.0696368,5230,5240,5250,0,0,0,0,0,0,0,2781,300,2500,0,0,0,0,0,0,0,5200,5100,5010,0,0,0,0,0,0,0,34,1,705,0,0,0,0,0,0,0,0,0,3,
012205,085416,1525910057.2299836,5230,5240,5250,0,0,0,0,0,0,0,2800,300,2500,0,0,0,0,0,0,0,5200,5100,5010,0,0,0,0,0,0,0,34,1,705,0,0,0,0,0,0,0,0,0,3,
012205,085419,1525910060.8307486,5230,5240,5250,0,0,0,0,0,0,0,2800,300,2500,0,0,0,0,0,0,0,5200,5100,5010,0,0,0,0,0,0,0,34,1,705,0,0,0,0,0,0,0,0,0,3,
012205,085427,1525910069.0416205,5230,5240,5250,0,0,0,0,0,0,0,2800,300,2500,0,0,0,0,0,0,0,5200,5100,5010,0,0,0,0,0,0,0,34,1,705,0,0,0,0,0,0,0,0,0,3,
012205,085428,1525910069.4743116,5230,5240,5250,0,0,0,0,0,0,0,2799,700,2500,0,0,0,0,0,0,0,5200,5100,5010,0,0,0,0,0,0,0,34,1,705,0,0,0,0,0,0,0,0,0,3,
012205,085430,1525910071.4013028,5230,5240,5250,0,0,0,0,0,0,0,2799,700,2500,0,0,0,0,0,0,0,5200,5100,5010,0,0,0,0,0,0,0,34,1,705,0,0,0,0,0,0,0,0,0,3,
012205,085430,1525910071.5107286,5230,5240,5250,0,0,0,0,0,0,0,997,700,2500,0,0,0,0,0,0,0,5200,5100,5010,0,0,0,0,0,0,0,34,1,705,0,0,0,0,0,0,0,0,0,3,
012205,085437,1525910079.1019773,5230,5240,5250,0,0,0,0,0,0,0,770,700,2500,0,0,0,0,0,0,0,5200,5100,5010,0,0,0,0,0,0,0,34,1,705,0,0,0,0,0,0,0,0,0,3,
012205,085438,1525910079.152291,5230,5240,5250,0,0,0,0,0,0,0,770,700,2500,0,0,0,0,0,0,0,5200,5100,5010,0,0,0,0,0,0,0,34,101,705,0,0,0,0,0,0,0,0,0,3,
012205,085439,1525910080.7253528,5230,5240,5250,0,0,0,0,0,0,0,770,1200,2500,0,0,0,0,0,0,0,5200,5100,5010,0,0,0,0,0,0,0,34,101,705,0,0,0,0,0,0,0,0,0,3,
012205,085440,1525910081.3185425,5230,5240,5250,0,0,0,0,0,0,0,770,1200,2500,0,0,0,0,0,0,0,5200,5100,5010,0,0,0,0,0,0,0,34,101,705,0,0,0,0,0,0,0,0,0,3,
012205,085445,1525910086.6438537,5230,5240,5250,0,0,0,0,0,0,0,770,1200,2500,0,0,0,0,0,0,0,5200,5100,5010,0,0,0,0,0,0,0,34,101,705,0,0,0,0,0,0,0,0,0,3,
012205,085452,1525910093.9035192,5230,5240,5250,0,0,0,0,0,0,0,770,1200,2500,0,0,0,0,0,0,0,5200,5100,5010,0,0,0,0,0,0,0,34,101,705,0,0,0,0,0,0,0,0,0,3,
012205,085453,1525910094.7670248,5230,5240,5250,0,0,0,0,0,0,0,1770,1200,2500,0,0,0,0,0,0,0,5200,5100,5010,0,0,0,0,0,0,0,34,101,705,0,0,0,0,0,0,0,0,0,3,
012205,085454,1525910095.6322768,5230,5240,5250,0,0,0,0,0,0,0,1920,1200,2500,0,0,0,0,0,0,0,5200,5100,5010,0,0,0,0,0,0,0,34,101,705,0,0,0,0,0,0,0,0,0,3,
012205,085456,1525910097.6239219,5230,5240,5250,0,0,0,0,0,0,0,1920,1200,2500,0,0,0,0,0,0,0,5200,5100,5010,0,0,0,0,0,0,0,34,101,705,0,0,0,0,0,0,0,0,0,3,
012205,085456,1525910097.786263,5230,5240,5250,0,0,0,0,0,0,0,1920,1200,2500,0,0,0,0,0,0,0,5200,5100,5010,0,0,0,0,0,0,0,34,101,705,0,0,0,0,0,0,0,0,0,3,
012205,085502,1525910103.4004953,5230,5240,5250,0,0,0,0,0,0,0,2320,800,2500,0,0,0,0,0,0,0,5200,5100,5010,0,0,0,0,0,0,0,34,101,705,0,0,0,0,0,0,0,0,0,3,
012205,085503,1525910104.2618542,5230,5240,5250,0,0,0,0,0,0,0,1320,800,2500,0,0,0,0,0,0,0,5200,5100,5010,0,0,0,0,0,0,0,34,101,705,0,0,0,0,0,0,0,0,0,3,
012205,085503,1525910104.6399355,5230,5240,5250,0,0,0,0,0,0,0,1319,800,2500,0,0,0,0,0,0,0,5200,5100,5010,0,0,0,0,0,0,0,34,101,705,0,0,0,0,0,0,0,0,0,3,
012205,085506,1525910107.7612066,5230,5240,5250,0,0,0,0,0,0,0,1319,800,2500,0,0,0,0,0,0,0,5200,5100,5010,0,0,0,0,0,0,0,414,101,705,0,0,0,0,0,0,0,0,0,3,
012205,085506,1525910107.9665258,5230,5240,5250,0,0,0,0,0,0,0,1109,800,2500,0,0,0,0,0,0,0,5200,5100,5010,0,0,0,0,0,0,0,414,101,705,0,0,0,0,0,0,0,0,0,3,
012205,085511,1525910112.278536,5240,5250,5260,0,0,0,0,0,0,0,800,2500,500,0,0,0,0,0,0,0,5230,5200,5100,0,0,0,0,0,0,0,371,414,101,0,0,0,0,0,0,0,0,0,3,
012205,085514,1525910115.3943424,5230,5240,5250,0,0,0,0,0,0,0,1281,800,2500,0,0,0,0,0,0,0,5200,5100,5010,0,0,0,0,0,0,0,414,101,705,0,0,0,0,0,0,0,0,0,3,
012205,085523,1525910125.0217884,5230,5240,5250,0,0,0,0,0,0,0,1281,800,2500,0,0,0,0,0,0,0,5200,5100,5010,0,0,0,0,0,0,0,414,101,805,0,0,0,0,0,0,0,0,0,3,
012205,085528,1525910129.3164911,5230,5240,5250,0,0,0,0,0,0,0,1281,800,2500,0,0,0,0,0,0,0,5200,5100,5010,0,0,0,0,0,0,0,414,101,805,0,0,0,0,0,0,0,0,0,3,
012205,085538,1525910139.6162906,5230,5240,5250,0,0,0,0,0,0,0,1281,800,2500,0,0,0,0,0,0,0,5200,5100,5010,0,0,0,0,0,0,0,414,101,805,0,0,0,0,0,0,0,0,0,3,
012205,085539,1525910140.531883,5230,5240,5250,0,0,0,0,0,0,0,981,800,2500,0,0,0,0,0,0,0,5200,5100,5010,0,0,0,0,0,0,0,414,101,805,0,0,0,0,0,0,0,0,0,3,
012205,085541,1525910142.69205,5230,5240,5250,0,0,0,0,0,0,0,981,800,2500,0,0,0,0,0,0,0,5200,5100,5010,0,0,0,0,0,0,0,414,101,805,0,0,0,0,0,0,0,0,0,3,
012205,085546,1525910147.4383967,5230,5240,5250,0,0,0,0,0,0,0,981,800,2500,0,0,0,0,0,0,0,5200,5100,5010,0,0,0,0,0,0,0,414,101,805,0,0,0,0,0,0,0,0,0,3,
012205,085550,1525910151.8985994,5230,5240,5250,0,0,0,0,0,0,0,981,800,2500,0,0,0,0,0,0,0,5200,5100,5010,0,0,0,0,0,0,0,414,101,805,0,0,0,0,0,0,0,0,0,3,
012205,085556,1525910157.2738457,5230,5240,5250,0,0,0,0,0,0,0,981,800,2500,0,0,0,0,0,0,0,5200,5100,5010,0,0,0,0,0,0,0,414,101,805,0,0,0,0,0,0,0,0,0,3,
012205,085557,1525910158.993015,5230,5240,5250,0,0,0,0,0,0,0,982,800,2500,0,0,0,0,0,0,0,5200,5100,5010,0,0,0,0,0,0,0,414,101,805,0,0,0,0,0,0,0,0,0,3,
012205,085558,1525910159.5843172,5230,5240,5250,0,0,0,0,0,0,0,1982,800,2500,0,0,0,0,0,0,0,5200,5100,5010,0,0,0,0,0,0,0,414,101,805,0,0,0,0,0,0,0,0,0,3,
012205,085600,1525910162.1108532,5230,5240,5250,0,0,0,0,0,0,0,1982,800,2500,0,0,0,0,0,0,0,5200,5100,5010,0,0,0,0,0,0,0,414,101,805,0,0,0,0,0,0,0,0,0,3,
012205,085601,1525910163.0258434,5230,5240,5250,0,0,0,0,0,0,0,1982,800,2562,0,0,0,0,0,0,0,5200,5100,5010,0,0,0,0,0,0,0,414,101,805,0,0,0,0,0,0,0,0,0,3,
012205,085606,1525910167.547675,5230,5240,5250,0,0,0,0,0,0,0,1982,800,2562,0,0,0,0,0,0,0,5200,5100,5010,0,0,0,0,0,0,0,414,101,805,0,0,0,0,0,0,0,0,0,3,
012205,085607,1525910168.1912963,5230,5240,5250,0,0,0,0,0,0,0,2079,800,2562,0,0,0,0,0,0,0,5200,5100,5010,0,0,0,0,0,0,0,414,101,805,0,0,0,0,0,0,0,0,0,3,
012205,085608,1525910169.4302518,5230,5240,5250,0,0,0,0,0,0,0,2079,800,2562,0,0,0,0,0,0,0,5200,5100,5020,0,0,0,0,0,0,0,414,101,2000,0,0,0,0,0,0,0,0,0,3,
012205,085608,1525910169.5383756,5230,5240,5250,0,0,0,0,0,0,0,2013,800,2562,0,0,0,0,0,0,0,5200,5100,5020,0,0,0,0,0,0,0,414,101,2000,0,0,0,0,0,0,0,0,0,3,
012205,085609,1525910170.1819263,5230,5240,5250,0,0,0,0,0,0,0,2013,800,2562,0,0,0,0,0,0,0,5200,5100,5020,0,0,0,0,0,0,0,414,101,2000,0,0,0,0,0,0,0,0,0,3,
012205,085610,1525910172.0696084,5230,5240,5250,0,0,0,0,0,0,0,2003,800,2562,0,0,0,0,0,0,0,5200,5100,5020,0,0,0,0,0,0,0,414,101,2000,0,0,0,0,0,0,0,0,0,3,
012205,085613,1525910174.8144734,5230,5240,5250,0,0,0,0,0,0,0,2003,800,2562,0,0,0,0,0,0,0,5200,5100,5020,0,0,0,0,0,0,0,414,101,2010,0,0,0,0,0,0,0,0,0,3,
012205,085614,1525910175.245417,5230,5240,5250,0,0,0,0,0,0,0,1003,800,2562,0,0,0,0,0,0,0,5200,5100,5020,0,0,0,0,0,0,0,414,101,2010,0,0,0,0,0,0,0,0,0,3,
012205,085620,1525910182.0212069,5230,5240,5250,0,0,0,0,0,0,0,677,800,2562,0,0,0,0,0,0,0,5200,5100,5020,0,0,0,0,0,0,0,414,101,2010,0,0,0,0,0,0,0,0,0,3,
012205,085623,1525910184.550032,5230,5240,5250,0,0,0,0,0,0,0,677,800,2562,0,0,0,0,0,0,0,5200,5100,5020,0,0,0,0,0,0,0,414,111,2010,0,0,0,0,0,0,0,0,0,3,
012205,085624,1525910185.3132188,5230,5240,5250,0,0,0,0,0,0,0,677,1036,2562,0,0,0,0,0,0,0,5200,5100,5020,0,0,0,0,0,0,0,414,111,2010,0,0,0,0,0,0,0,0,0,3,
012205,085626,1525910188.1085746,5230,5240,5250,0,0,0,0,0,0,0,677,1036,2562,0,0,0,0,0,0,0,5200,5100,5020,0,0,0,0,0,0,0,414,111,2010,0,0,0,0,0,0,0,0,0,3,
012205,085638,1525910199.8160424,5230,5240,5250,0,0,0,0,0,0,0,677,1036,2562,0,0,0,0,0,0,0,5200,5100,5020,0,0,0,0,0,0,0,414,111,2010,0,0,0,0,0,0,0,0,0,3,
012205,085639,1525910200.3549619,5230,5240,5250,0,0,0,0,0,0,0,577,1036,2562,0,0,0,0,0,0,0,5200,5100,5020,0,0,0,0,0,0,0,414,111,2010,0,0,0,0,0,0,0,0,0,3,
012205,085639,1525910200.7809424,5230,5240,5250,0,0,0,0,0,0,0,1077,1036,2562,0,0,0,0,0,0,0,5200,5100,5020,0,0,0,0,0,0,0,414,111,2010,0,0,0,0,0,0,0,0,0,3,
012205,085647,1525910208.7238054,5230,5240,5250,0,0,0,0,0,0,0,1077,1036,2662,0,0,0,0,0,0,0,5200,5100,5020,0,0,0,0,0,0,0,414,111,2010,0,0,0,0,0,0,0,0,0,3,
012205,085647,1525910208.9302032,5230,5240,5250,0,0,0,0,0,0,0,1077,1036,2662,0,0,0,0,0,0,0,5200,5100,5020,0,0,0,0,0,0,0,414,111,2010,0,0,0,0,0,0,0,0,0,3,
012205,085650,1525910212.0638561,5230,5240,5250,0,0,0,0,0,0,0,1027,1036,2662,0,0,0,0,0,0,0,5200,5100,5020,0,0,0,0,0,0,0,414,111,2010,0,0,0,0,0,0,0,0,0,3,
012205,085651,1525910212.9416518,5230,5240,5250,0,0,0,0,0,0,0,1027,1036,2662,0,0,0,0,0,0,0,5200,5100,5020,0,0,0,0,0,0,0,414,111,2012,0,0,0,0,0,0,0,0,0,3,
012205,085653,1525910215.0940492,5230,5240,5250,0,0,0,0,0,0,0,1327,1036,2662,0,0,0,0,0,0,0,5200,5100,5020,0,0,0,0,0,0,0,414,111,2012,0,0,0,0,0,0,0,0,0,3,
012205,085654,1525910215.7795339,5230,5240,5250,0,0,0,0,0,0,0,1352,1036,2662,0,0,0,0,0,0,0,5200,5100,5020,0,0,0,0,0,0,0,414,111,2012,0,0,0,0,0,0,0,0,0,3,
012205,085700,1525910222.102775,5230,5240,5250,0,0,0,0,0,0,0,1352,1036,2662,0,0,0,0,0,0,0,5200,5100,5020,0,0,0,0,0,0,0,414,111,2012,0,0,0,0,0,0,0,0,0,3,
012205,085701,1525910222.4789472,5230,5240,5250,0,0,0,0,0,0,0,3284,1036,2662,0,0,0,0,0,0,0,5200,5100,5020,0,0,0,0,0,0,0,414,111,2012,0,0,0,0,0,0,0,0,0,3,
012205,085701,1525910222.6288095,5230,5240,5250,0,0,0,0,0,0,0,3384,1036,2662,0,0,0,0,0,0,0,5200,5100,5020,0,0,0,0,0,0,0,414,111,2012,0,0,0,0,0,0,0,0,0,3,
012205,085705,1525910226.2453284,5230,5240,5250,0,0,0,0,0,0,0,3409,1036,2662,0,0,0,0,0,0,0,5200,5100,5020,0,0,0,0,0,0,0,414,111,2012,0,0,0,0,0,0,0,0,0,3,
012205,085706,1525910228.1279948,5230,5240,5250,0,0,0,0,0,0,0,3409,1036,2662,0,0,0,0,0,0,0,5200,5100,5020,0,0,0,0,0,0,0,414,111,2112,0,0,0,0,0,0,0,0,0,3,
012205,085712,1525910234.02927,5230,5240,5250,0,0,0,0,0,0,0,2194,1036,2662,0,0,0,0,0,0,0,5200,5100,5020,0,0,0,0,0,0,0,414,111,2112,0,0,0,0,0,0,0,0,0,3,
012205,085713,1525910235.0123348,5230,5240,5250,0,0,0,0,0,0,0,2294,1036,2662,0,0,0,0,0,0,0,5200,5100,5020,0,0,0,0,0,0,0,414,111,2112,0,0,0,0,0,0,0,0,0,3,
012205,085715,1525910236.4119415,5230,5240,5250,0,0,0,0,0,0,0,2294,1036,2662,0,0,0,0,0,0,0,5200,5100,5020,0,0,0,0,0,0,0,414,111,2112,0,0,0,0,0,0,0,0,0,3,
012205,085720,1525910241.5273454,5230,5240,5250,0,0,0,0,0,0,0,2294,1036,2662,0,0,0,0,0,0,0,5200,5100,5020,0,0,0,0,0,0,0,414,111,2112,0,0,0,0,0,0,0,0,0,3,
012205,085722,1525910243.7868102,5230,5240,5250,0,0,0,0,0,0,0,2304,1036,2662,0,0,0,0,0,0,0,5200,5100,5020,0,0,0,0,0,0,0,414,111,2112,0,0,0,0,0,0,0,0,0,3,
012205,085725,1525910246.6293836,5230,5240,5250,0,0,0,0,0,0,0,2324,1036,2662,0,0,0,0,0,0,0,5200,5100,5020,0,0,0,0,0,0,0,414,111,2112,0,0,0,0,0,0,0,0,0,3,
012205,085729,1525910250.8379362,5230,5240,5250,0,0,0,0,0,0,0,2324,1036,2662,0,0,0,0,0,0,0,5200,5100,5020,0,0,0,0,0,0,0,414,111,2112,0,0,0,0,0,0,0,0,0,3,
012205,085730,1525910251.7525513,5230,5240,5250,0,0,0,0,0,0,0,2324,1036,2662,0,0,0,0,0,0,0,5200,5100,5020,0,0,0,0,0,0,0,414,111,2112,0,0,0,0,0,0,0,0,0,3,
012205,085731,1525910252.2352796,5230,5240,5250,0,0,0,0,0,0,0,2527,1036,2662,0,0,0,0,0,0,0,5200,5100,5020,0,0,0,0,0,0,0,414,111,2112,0,0,0,0,0,0,0,0,0,3,
012205,085733,1525910254.4457097,5230,5240,5250,0,0,0,0,0,0,0,1528,1036,2662,0,0,0,0,0,0,0,5200,5100,5020,0,0,0,0,0,0,0,414,111,2112,0,0,0,0,0,0,0,0,0,3,
012205,085735,1525910256.705911,5230,5240,5250,0,0,0,0,0,0,0,1202,1036,2662,0,0,0,0,0,0,0,5200,5100,5020,0,0,0,0,0,0,0,414,111,2112,0,0,0,0,0,0,0,0,0,3,
012205,085736,1525910257.1908581,5230,5240,5250,0,0,0,0,0,0,0,1202,1036,2662,0,0,0,0,0,0,0,5200,5100,5020,0,0,0,0,0,0,0,414,111,2112,0,0,0,0,0,0,0,0,0,3,
012205,085741,1525910263.0618534,5230,5240,5250,0,0,0,0,0,0,0,1202,1036,2662,0,0,0,0,0,0,0,5200,5100,5020,0,0,0,0,0,0,0,414,111,2112,0,0,0,0,0,0,0,0,0,3,
012205,085744,1525910265.32536,5230,5240,5250,0,0,0,0,0,0,0,1202,1036,2662,0,0,0,0,0,0,0,5200,5100,5020,0,0,0,0,0,0,0,414,111,2112,0,0,0,0,0,0,0,0,0,3,
012205,085749,1525910270.6593344,5230,5240,5250,0,0,0,0,0,0,0,2202,1036,2662,0,0,0,0,0,0,0,5200,5100,5020,0,0,0,0,0,0,0,414,111,2112,0,0,0,0,0,0,0,0,0,3,
012205,085751,1525910273.0819306,5230,5240,5250,0,0,0,0,0,0,0,2202,1036,2662,0,0,0,0,0,0,0,5200,5100,5020,0,0,0,0,0,0,0,414,111,2112,0,0,0,0,0,0,0,0,0,3,
012205,085759,1525910280.1406024,5230,5240,5250,0,0,0,0,0,0,0,2202,1036,2662,0,0,0,0,0,0,0,5200,5100,5020,0,0,0,0,0,0,0,414,111,2112,0,0,0,0,0,0,0,0,0,3,
012205,085759,1525910280.303446,5230,5240,5250,0,0,0,0,0,0,0,2210,1036,2662,0,0,0,0,0,0,0,5200,5100,5020,0,0,0,0,0,0,0,414,111,2112,0,0,0,0,0,0,0,0,0,3,
012205,085801,1525910282.2967317,5230,5240,5250,0,0,0,0,0,0,0,2060,1036,2662,0,0,0,0,0,0,0,5200,5100,5020,0,0,0,0,0,0,0,414,111,2112,0,0,0,0,0,0,0,0,0,3,
012205,085801,1525910282.5608904,5230,5240,5250,0,0,0,0,0,0,0,1960,1036,2662,0,0,0,0,0,0,0,5200,5100,5020,0,0,0,0,0,0,0,414,111,2112,0,0,0,0,0,0,0,0,0,3,
012205,085803,1525910284.243958,5230,5240,5250,0,0,0,0,0,0,0,1958,1036,2662,0,0,0,0,0,0,0,5200,5100,5020,0,0,0,0,0,0,0,414,111,2112,0,0,0,0,0,0,0,0,0,3,
012205,085803,1525910284.3553002,5230,5240,5250,0,0,0,0,0,0,0,1958,1036,2662,0,0,0,0,0,0,0,5200,5100,5020,0,0,0,0,0,0,0,414,111,2112,0,0,0,0,0,0,0,0,0,3,
012205,085804,1525910285.1146917,5230,5240,5250,0,0,0,0,0,0,0,1958,1036,2662,0,0,0,0,0,0,0,5200,5100,5020,0,0,0,0,0,0,0,414,111,2112,0,0,0,0,0,0,0,0,0,3,
012205,085804,1525910285.3264716,5230,5240,5250,0,0,0,0,0,0,0,1958,1036,2662,0,0,0,0,0,0,0,5200,5100,5020,0,0,0,0,0,0,0,414,111,2112,0,0,0,0,0,0,0,0,0,3,
012205,085805,1525910286.2518568,5230,5240,5250,0,0,0,0,0,0,0,1958,1036,2662,0,0,0,0,0,0,0,5200,5100,5050,0,0,0,0,0,0,0,414,111,5,0,0,0,0,0,0,0,0,0,3,
012205,085805,1525910287.065332,5230,5240,5250,0,0,0,0,0,0,0,1963,1036,2662,0,0,0,0,0,0,0,5200,5100,5050,0,0,0,0,0,0,0,414,111,5,0,0,0,0,0,0,0,0,0,3,
012205,085808,1525910289.8268495,5230,5240,5250,0,0,0,0,0,0,0,1863,1036,2662,0,0,0,0,0,0,0,5200,5100,5050,0,0,0,0,0,0,0,414,111,5,0,0,0,0,0,0,0,0,0,3,
012205,085810,1525910291.2433496,5230,5240,5250,0,0,0,0,0,0,0,1863,1036,2662,0,0,0,0,0,0,0,5200,5100,5050,0,0,0,0,0,0,0,414,111,5,0,0,0,0,0,0,0,0,0,3,
012205,085811,1525910292.7021804,5230,5240,5250,0,0,0,0,0,0,0,1863,1036,2662,0,0,0,0,0,0,0,5200,5100,5050,0,0,0,0,0,0,0,414,141,5,0,0,0,0,0,0,0,0,0,3,
012205,085811,1525910293.0798426,5230,5240,5250,0,0,0,0,0,0,0,3263,1036,2662,0,0,0,0,0,0,0,5200,5100,5050,0,0,0,0,0,0,0,414,141,5,0,0,0,0,0,0,0,0,0,3,
012205,085812,1525910293.1889327,5230,5240,5250,0,0,0,0,0,0,0,3163,1036,2662,0,0,0,0,0,0,0,5200,5100,5050,0,0,0,0,0,0,0,414,141,5,0,0,0,0,0,0,0,0,0,3,
012205,085812,1525910293.609559,5230,5240,5250,0,0,0,0,0,0,0,3163,1036,2667,0,0,0,0,0,0,0,5200,5100,5050,0,0,0,0,0,0,0,414,141,5,0,0,0,0,0,0,0,0,0,3,
012205,085812,1525910294.160858,5230,5240,5250,0,0,0,0,0,0,0,3163,1036,2667,0,0,0,0,0,0,0,5200,5100,5050,0,0,0,0,0,0,0,414,141,5,0,0,0,0,0,0,0,0,0,3,
012205,085814,1525910295.6734753,5230,5240,5250,0,0,0,0,0,0,0,3163,1036,2667,0,0,0,0,0,0,0,5200,5100,5050,0,0,0,0,0,0,0,414,141,5,0,0,0,0,0,0,0,0,0,3,
012205,085814,1525910296.1071675,5230,5240,5250,0,0,0,0,0,0,0,3163,1036,2667,0,0,0,0,0,0,0,5200,5100,5050,0,0,0,0,0,0,0,414,141,5,0,0,0,0,0,0,0,0,0,3,
012205,085816,1525910297.727256,5240,5250,5260,0,0,0,0,0,0,0,1036,2667,500,0,0,0,0,0,0,0,5230,5200,5100,0,0,0,0,0,0,0,2910,414,141,0,0,0,0,0,0,0,0,0,3,
012205,085819,1525910300.7431421,5240,5250,5260,0,0,0,0,0,0,0,1036,2667,500,0,0,0,0,0,0,0,5230,5200,5100,0,0,0,0,0,0,0,2917,414,141,0,0,0,0,0,0,0,0,0,3,
012205,085822,1525910303.8464665,5240,5250,5260,0,0,0,0,0,0,0,1036,2667,500,0,0,0,0,0,0,0,5230,5200,5100,0,0,0,0,0,0,0,2767,414,141,0,0,0,0,0,0,0,0,0,3,
012205,085824,1525910305.4752636,5240,5250,5260,0,0,0,0,0,0,0,1036,2667,500,0,0,0,0,0,0,0,5230,5200,5100,0,0,0,0,0,0,0,2767,414,141,0,0,0,0,0,0,0,0,0,3,
012205,085824,1525910305.6915627,5240,5250,5260,0,0,0,0,0,0,0,1036,2667,500,0,0,0,0,0,0,0,5230,5200,5100,0,0,0,0,0,0,0,3723,414,141,0,0,0,0,0,0,0,0,0,3,
012205,085824,1525910305.9604003,5240,5250,5260,0,0,0,0,0,0,0,1036,2667,500,0,0,0,0,0,0,0,5230,5200,5100,0,0,0,0,0,0,0,3728,414,141,0,0,0,0,0,0,0,0,0,3,
012205,085826,1525910307.3732362,5240,5250,5260,0,0,0,0,0,0,0,1036,2667,500,0,0,0,0,0,0,0,5230,5200,5100,0,0,0,0,0,0,0,2728,414,141,0,0,0,0,0,0,0,0,0,3,
012205,085826,1525910307.9117348,5240,5250,5260,0,0,0,0,0,0,0,1036,2667,500,0,0,0,0,0,0,0,5230,5200,5100,0,0,0,0,0,0,0,2728,414,141,0,0,0,0,0,0,0,0,0,3,
012205,085827,1525910308.8294969,5240,5250,5260,0,0,0,0,0,0,0,1036,2667,500,0,0,0,0,0,0,0,5230,5200,5100,0,0,0,0,0,0,0,2728,414,141,0,0,0,0,0,0,0,0,0,3,
012205,085827,1525910308.884632,5240,5250,5260,0,0,0,0,0,0,0,1036,2667,500,0,0,0,0,0,0,0,5230,5200,5100,0,0,0,0,0,0,0,3349,414,141,0,0,0,0,0,0,0,0,0,3,
012205,085831,1525910312.942745,5240,5250,5260,0,0,0,0,0,0,0,1036,2667,500,0,0,0,0,0,0,0,5230,5200,5100,0,0,0,0,0,0,0,3349,414,141,0,0,0,0,0,0,0,0,0,3,
012205,085831,1525910313.1150944,5240,5250,5260,0,0,0,0,0,0,0,1036,2667,500,0,0,0,0,0,0,0,5230,5200,5100,0,0,0,0,0,0,0,3738,414,141,0,0,0,0,0,0,0,0,0,3,
012205,085833,1525910314.691437,5240,5250,5260,0,0,0,0,0,0,0,1036,2667,500,0,0,0,0,0,0,0,5230,5200,5100,0,0,0,0,0,0,0,3742,414,141,0,0,0,0,0,0,0,0,0,3,
012205,085834,1525910315.7777643,5240,5250,5260,0,0,0,0,0,0,0,1036,2667,500,0,0,0,0,0,0,0,5230,5200,5100,0,0,0,0,0,0,0,3977,414,141,0,0,0,0,0,0,0,0,0,3,
012205,085835,1525910316.9164739,5240,5250,5260,0,0,0,0,0,0,0,1036,2667,500,0,0,0,0,0,0,0,5230,5200,5100,0,0,0,0,0,0,0,5453,414,141,0,0,0,0,0,0,0,0,0,3,
012205,085839,1525910320.3810515,5240,5250,5260,0,0,0,0,0,0,0,1036,2667,500,0,0,0,0,0,0,0,5230,5200,5100,0,0,0,0,0,0,0,5203,414,141,0,0,0,0,0,0,0,0,0,3,
012205,085839,1525910321.0262475,5240,5250,5260,0,0,0,0,0,0,0,1036,2667,500,0,0,0,0,0,0,0,5230,5200,5100,0,0,0,0,0,0,0,4203,414,141,0,0,0,0,0,0,0,0,0,3,
012205,085840,1525910321.412868,5240,5250,5260,0,0,0,0,0,0,0,1036,2667,500,0,0,0,0,0,0,0,5230,5200,5100,0,0,0,0,0,0,0,4203,414,141,0,0,0,0,0,0,0,0,0,3,
012205,085840,1525910321.8987956,5240,5250,5260,0,0,0,0,0,0,0,1036,2667,500,0,0,0,0,0,0,0,5230,5200,5100,0,0,0,0,0,0,0,4363,414,141,0,0,0,0,0,0,0,0,0,3,
012205,085845,1525910326.8415024,5240,5250,5260,0,0,0,0,0,0,0,1036,2667,500,0,0,0,0,0,0,0,5230,5200,5100,0,0,0,0,0,0,0,4313,414,141,0,0,0,0,0,0,0,0,0,3,
012205,085847,1525910328.806129,5240,5250,5260,0,0,0,0,0,0,0,1036,2667,550,0,0,0,0,0,0,0,5230,5200,5100,0,0,0,0,0,0,0,4313,414,141,0,0,0,0,0,0,0,0,0,3,
012205,085851,1525910332.4456143,5240,5250,5260,0,0,0,0,0,0,0,1036,2667,550,0,0,0,0,0,0,0,5230,5200,5100,0,0,0,0,0,0,0,4313,414,141,0,0,0,0,0,0,0,0,0,3,
012205,085851,1525910332.5006967,5240,5250,5260,0,0,0,0,0,0,0,1036,2667,550,0,0,0,0,0,0,0,5230,5200,5100,0,0,0,0,0,0,0,4313,414,141,0,0,0,0,0,0,0,0,0,3,
012205,085851,1525910332.8815212,5240,5250,5260,0,0,0,0,0,0,0,1036,2667,550,0,0,0,0,0,0,0,5230,5200,5100,0,0,0,0,0,0,0,4981,414,141,0,0,0,0,0,0,0,0,0,3,
012205,085852,1525910333.2594059,5240,5250,5260,0,0,0,0,0,0,0,1036,2667,650,0,0,0,0,0,0,0,5230,5200,5100,0,0,0,0,0,0,0,4981,414,141,0,0,0,0,0,0,0,0,0,3,
012205,085853,1525910334.5708945,5240,5250,5260,0,0,0,0,0,0,0,1036,2667,650,0,0,0,0,0,0,0,5230,5200,5100,0,0,0,0,0,0,0,4881,414,141,0,0,0,0,0,0,0,0,0,3,
012205,085853,1525910334.6801505,5240,5250,5260,0,0,0,0,0,0,0,1036,2667,650,0,0,0,0,0,0,0,5230,5200,5100,0,0,0,0,0,0,0,4881,414,141,0,0,0,0,0,0,0,0,0,3,
012205,085854,1525910335.2220979,5240,5250,5260,0,0,0,0,0,0,0,1036,2667,650,0,0,0,0,0,0,0,5230,5200,5100,0,0,0,0,0,0,0,4881,414,141,0,0,0,0,0,0,0,0,0,3,
012205,085856,1525910337.4481757,5240,5250,5260,0,0,0,0,0,0,0,1036,2667,650,0,0,0,0,0,0,0,5230,5200,5100,0,0,0,0,0,0,0,5381,414,141,0,0,0,0,0,0,0,0,0,3,
012205,085857,1525910338.590534,5240,5250,5260,0,0,0,0,0,0,0,1036,2667,650,0,0,0,0,0,0,0,5230,5200,5100,0,0,0,0,0,0,0,3901,414,141,0,0,0,0,0,0,0,0,0,3,
012205,085858,1525910339.839767,5240,5250,5260,0,0,0,0,0,0,0,1036,2667,650,0,0,0,0,0,0,0,5230,5200,5100,0,0,0,0,0,0,0,4276,414,141,0,0,0,0,0,0,0,0,0,3,
012205,085900,1525910341.9635608,5240,5250,5260,0,0,0,0,0,0,0,1036,2667,650,0,0,0,0,0,0,0,5230,5200,5100,0,0,0,0,0,0,0,4276,419,141,0,0,0,0,0,0,0,0,0,3,
012205,085903,1525910344.417338,5240,5250,5260,0,0,0,0,0,0,0,1036,2667,650,0,0,0,0,0,0,0,5230,5200,5100,0,0,0,0,0,0,0,4056,419,141,0,0,0,0,0,0,0,0,0,3,
012205,085904,1525910345.7811298,5240,5250,5260,0,0,0,0,0,0,0,1036,2667,650,0,0,0,0,0,0,0,5230,5200,5100,0,0,0,0,0,0,0,4056,419,141,0,0,0,0,0,0,0,0,0,3,
012205,085905,1525910346.75676,5240,5250,5260,0,0,0,0,0,0,0,1036,2667,650,0,0,0,0,0,0,0,5230,5200,5100,0,0,0,0,0,0,0,4983,419,141,0,0,0,0,0,0,0,0,0,3,
012205,085906,1525910347.574535,5240,5250,5260,0,0,0,0,0,0,0,1036,2667,650,0,0,0,0,0,0,0,5230,5200,5100,0,0,0,0,0,0,0,4942,419,141,0,0,0,0,0,0,0,0,0,3,
012205,085909,1525910350.7245567,5240,5250,5260,0,0,0,0,0,0,0,1036,2667,650,0,0,0,0,0,0,0,5230,5200,5100,0,0,0,0,0,0,0,6342,419,141,0,0,0,0,0,0,0,0,0,3,
012205,085910,1525910351.7410758,5240,5250,5260,0,0,0,0,0,0,0,1036,2667,650,0,0,0,0,0,0,0,5230,5200,5100,0,0,0,0,0,0,0,6462,419,141,0,0,0,0,0,0,0,0,0,3,
012205,085912,1525910354.1370604,5240,5250,5260,0,0,0,0,0,0,0,1036,2667,650,0,0,0,0,0,0,0,5230,5200,5100,0,0,0,0,0,0,0,6169,419,141,0,0,0,0,0,0,0,0,0,3,
012205,085913,1525910354.2445145,5240,5250,5260,0,0,0,0,0,0,0,1036,2667,650,0,0,0,0,0,0,0,5230,5200,5100,0,0,0,0,0,0,0,2041,419,141,0,0,0,0,0,0,0,0,0,3,
012205,085915,1525910356.5807197,5240,5250,5260,0,0,0,0,0,0,0,1036,2667,650,0,0,0,0,0,0,0,5230,5200,5100,0,0,0,0,0,0,0,2041,419,141,0,0,0,0,0,0,0,0,0,3,
012205,085915,1525910356.7415445,5240,5250,5260,0,0,0,0,0,0,0,1036,2667,650,0,0,0,0,0,0,0,5230,5200,5100,0,0,0,0,0,0,0,2051,419,141,0,0,0,0,0,0,0,0,0,3,
012205,085915,1525910356.8532233,5240,5250,5260,0,0,0,0,0,0,0,1036,2667,650,0,0,0,0,0,0,0,5230,5200,5100,0,0,0,0,0,0,0,2051,419,142,0,0,0,0,0,0,0,0,0,3,
012205,085917,1525910358.6973195,5240,5250,5260,0,0,0,0,0,0,0,1036,2667,650,0,0,0,0,0,0,0,5230,5200,5100,0,0,0,0,0,0,0,2144,419,142,0,0,0,0,0,0,0,0,0,3,
012205,085919,1525910360.8074694,5240,5250,5260,0,0,0,0,0,0,0,1036,2667,650,0,0,0,0,0,0,0,5230,5200,5100,0,0,0,0,0,0,0,3116,419,142,0,0,0,0,0,0,0,0,0,3,
012205,085919,1525910360.8714383,5240,5250,5260,0,0,0,0,0,0,0,1036,2667,790,0,0,0,0,0,0,0,5230,5200,5100,0,0,0,0,0,0,0,3116,419,142,0,0,0,0,0,0,0,0,0,3,
012205,085922,1525910363.645226,5240,5250,5260,0,0,0,0,0,0,0,1036,2667,790,0,0,0,0,0,0,0,5230,5200,5100,0,0,0,0,0,0,0,3166,419,142,0,0,0,0,0,0,0,0,0,3,
012205,085923,1525910364.9413295,5240,5250,5260,0,0,0,0,0,0,0,1036,2667,790,0,0,0,0,0,0,0,5230,5200,5100,0,0,0,0,0,0,0,3174,419,142,0,0,0,0,0,0,0,0,0,3,
012205,085924,1525910365.762557,5240,5250,5260,0,0,0,0,0,0,0,800,2667,790,0,0,0,0,0,0,0,5230,5200,5100,0,0,0,0,0,0,0,3174,419,142,0,0,0,0,0,0,0,0,0,3,
012205,085924,1525910365.8649917,5240,5250,5260,0,0,0,0,0,0,0,800,2667,790,0,0,0,0,0,0,0,5230,5200,5100,0,0,0,0,0,0,0,3174,419,142,0,0,0,0,0,0,0,0,0,3,
012205,085926,1525910367.435982,5240,5250,5260,0,0,0,0,0,0,0,800,2667,790,0,0,0,0,0,0,0,5230,5200,5100,0,0,0,0,0,0,0,3164,419,142,0,0,0,0,0,0,0,0,0,3,
012205,085932,1525910373.1471522,5240,5250,5260,0,0,0,0,0,0,0,800,2667,790,0,0,0,0,0,0,0,5230,5200,5100,0,0,0,0,0,0,0,3167,419,142,0,0,0,0,0,0,0,0,0,3,
012205,085932,1525910373.6900165,5240,5250,5260,0,0,0,0,0,0,0,800,2667,790,0,0,0,0,0,0,0,5230,5200,5100,0,0,0,0,0,0,0,3149,419,142,0,0,0,0,0,0,0,0,0,3,
012205,085936,1525910377.2478669,5240,5250,5260,0,0,0,0,0,0,0,800,2667,790,0,0,0,0,0,0,0,5230,5200,5100,0,0,0,0,0,0,0,3149,419,142,0,0,0,0,0,0,0,0,0,3,
012205,085936,1525910377.7894044,5240,5250,5260,0,0,0,0,0,0,0,800,2667,790,0,0,0,0,0,0,0,5230,5200,5100,0,0,0,0,0,0,0,3099,419,142,0,0,0,0,0,0,0,0,0,3,
012205,085937,1525910378.405698,5230,5240,5250,0,0,0,0,0,0,0,2974,800,2667,0,0,0,0,0,0,0,5200,5100,5050,0,0,0,0,0,0,0,419,142,5,0,0,0,0,0,0,0,0,0,3,
012205,085937,1525910378.8457983,5230,5240,5250,0,0,0,0,0,0,0,2943,800,2667,0,0,0,0,0,0,0,5200,5100,5050,0,0,0,0,0,0,0,419,142,5,0,0,0,0,0,0,0,0,0,3,
012205,085939,1525910380.768449,5230,5240,5250,0,0,0,0,0,0,0,943,800,2667,0,0,0,0,0,0,0,5200,5150,5100,0,0,0,0,0,0,0,419,200,142,0,0,0,0,0,0,0,0,0,3,
012205,085940,1525910382.4479225,5230,5240,5250,0,0,0,0,0,0,0,530,800,2667,0,0,0,0,0,0,0,5200,5150,5100,0,0,0,0,0,0,0,419,200,142,0,0,0,0,0,0,0,0,0,3,
012205,085942,1525910383.7187881,5230,5240,5250,0,0,0,0,0,0,0,1030,800,2667,0,0,0,0,0,0,0,5200,5150,5100,0,0,0,0,0,0,0,419,200,142,0,0,0,0,0,0,0,0,0,3,
012205,085943,1525910384.3795953,5230,5240,5250,0,0,0,0,0,0,0,737,800,2667,0,0,0,0,0,0,0,5200,5150,5100,0,0,0,0,0,0,0,419,200,142,0,0,0,0,0,0,0,0,0,3,
012205,085944,1525910385.7475514,5230,5240,5250,0,0,0,0,0,0,0,646,800,2667,0,0,0,0,0,0,0,5200,5150,5100,0,0,0,0,0,0,0,419,200,142,0,0,0,0,0,0,0,0,0,3,
012205,085944,1525910385.9118097,5230,5240,5250,0,0,0,0,0,0,0,846,800,2667,0,0,0,0,0,0,0,5200,5150,5100,0,0,0,0,0,0,0,419,200,142,0,0,0,0,0,0,0,0,0,3,
012205,085946,1525910387.72056,5230,5240,5250,0,0,0,0,0,0,0,1386,800,2667,0,0,0,0,0,0,0,5200,5150,5100,0,0,0,0,0,0,0,419,200,142,0,0,0,0,0,0,0,0,0,3,
012205,085946,1525910387.9985895,5230,5240,5250,0,0,0,0,0,0,0,1360,800,2667,0,0,0,0,0,0,0,5200,5150,5100,0,0,0,0,0,0,0,419,200,142,0,0,0,0,0,0,0,0,0,3,
012205,085947,1525910388.2649014,5240,5250,5260,0,0,0,0,0,0,0,800,2667,790,0,0,0,0,0,0,0,5230,5200,5150,0,0,0,0,0,0,0,1592,419,200,0,0,0,0,0,0,0,0,0,3,
012205,085948,1525910389.5809205,5240,5250,5260,0,0,0,0,0,0,0,800,2667,790,0,0,0,0,0,0,0,5230,5200,5150,0,0,0,0,0,0,0,1622,419,200,0,0,0,0,0,0,0,0,0,3,
012205,085949,1525910390.1765306,5240,5250,5260,0,0,0,0,0,0,0,1036,2667,790,0,0,0,0,0,0,0,5230,5200,5150,0,0,0,0,0,0,0,1622,419,200,0,0,0,0,0,0,0,0,0,3,
012205,085950,1525910391.2663622,5240,5250,5260,0,0,0,0,0,0,0,1036,2667,790,0,0,0,0,0,0,0,5230,5200,5150,0,0,0,0,0,0,0,622,419,2200,0,0,0,0,0,0,0,0,0,3,
012205,085951,1525910392.2456021,5240,5250,5260,0,0,0,0,0,0,0,1036,2667,790,0,0,0,0,0,0,0,5230,5200,5150,0,0,0,0,0,0,0,907,419,2200,0,0,0,0,0,0,0,0,0,3,
012205,085953,1525910394.7571354,5230,5240,5250,0,0,0,0,0,0,0,593,1036,2667,0,0,0,0,0,0,0,5200,5150,5100,0,0,0,0,0,0,0,419,2200,242,0,0,0,0,0,0,0,0,0,3,
012205,085954,1525910396.0761008,5230,5240,5250,0,0,0,0,0,0,0,1293,1036,2667,0,0,0,0,0,0,0,5200,5150,5100,0,0,0,0,0,0,0,419,2200,242,0,0,0,0,0,0,0,0,0,3,
012205,085955,1525910396.622916,5230,5240,5250,0,0,0,0,0,0,0,2293,1036,2667,0,0,0,0,0,0,0,5200,5150,5100,0,0,0,0,0,0,0,419,2200,242,0,0,0,0,0,0,0,0,0,3,
012205,085957,1525910398.419708,5230,5240,5250,0,0,0,0,0,0,0,4997,1036,2667,0,0,0,0,0,0,0,5200,5150,5100,0,0,0,0,0,0,0,419,2200,242,0,0,0,0,0,0,0,0,0,3,
012205,085958,1525910399.2954233,5230,5240,5250,0,0,0,0,0,0,0,3517,1036,2667,0,0,0,0,0,0,0,5200,5150,5100,0,0,0,0,0,0,0,419,2200,242,0,0,0,0,0,0,0,0,0,3,
012205,085958,1525910399.9020293,5230,5240,5250,0,0,0,0,0,0,0,2948,1036,2667,0,0,0,0,0,0,0,5200,5150,5100,0,0,0,0,0,0,0,419,2200,242,0,0,0,0,0,0,0,0,0,3,
012205,085959,1525910400.443737,5230,5240,5250,0,0,0,0,0,0,0,948,1036,2667,0,0,0,0,0,0,0,5200,5150,5100,0,0,0,0,0,0,0,419,2200,242,0,0,0,0,0,0,0,0,0,3,
012205,085959,1525910400.8854828,5230,5240,5250,0,0,0,0,0,0,0,1048,1036,2667,0,0,0,0,0,0,0,5200,5150,5100,0,0,0,0,0,0,0,419,2200,242,0,0,0,0,0,0,0,0,0,3,
012205,090001,1525910402.4757419,5230,5240,5250,0,0,0,0,0,0,0,2058,1036,2667,0,0,0,0,0,0,0,5200,5150,5100,0,0,0,0,0,0,0,419,2200,242,0,0,0,0,0,0,0,0,0,3,
012205,090002,1525910403.9777434,5230,5240,5250,0,0,0,0,0,0,0,2095,1036,2667,0,0,0,0,0,0,0,5200,5150,5100,0,0,0,0,0,0,0,419,2200,242,0,0,0,0,0,0,0,0,0,3,
012205,090003,1525910404.6858032,5230,5240,5250,0,0,0,0,0,0,0,1895,1036,2667,0,0,0,0,0,0,0,5200,5150,5100,0,0,0,0,0,0,0,419,2200,242,0,0,0,0,0,0,0,0,0,3,
012205,090004,1525910405.2919035,5230,5240,5250,0,0,0,0,0,0,0,2595,1036,2667,0,0,0,0,0,0,0,5200,5150,5100,0,0,0,0,0,0,0,419,2200,242,0,0,0,0,0,0,0,0,0,3,
012205,090004,1525910406.0150104,5230,5240,5250,0,0,0,0,0,0,0,1789,1036,2667,0,0,0,0,0,0,0,5200,5150,5100,0,0,0,0,0,0,0,419,2200,242,0,0,0,0,0,0,0,0,0,3,
012205,090005,1525910406.6850803,5230,5240,5250,0,0,0,0,0,0,0,1789,1036,2605,0,0,0,0,0,0,0,5200,5150,5100,0,0,0,0,0,0,0,414,2205,242,0,0,0,0,0,0,0,0,0,3,
012205,090006,1525910408.133103,5230,5240,5250,0,0,0,0,0,0,0,1789,1036,2605,0,0,0,0,0,0,0,5200,5150,5100,0,0,0,0,0,0,0,414,2205,1389,0,0,0,0,0,0,0,0,0,3,
012205,090008,1525910409.1407022,5230,5240,5250,0,0,0,0,0,0,0,2389,1036,2605,0,0,0,0,0,0,0,5200,5150,5100,0,0,0,0,0,0,0,414,2205,1389,0,0,0,0,0,0,0,0,0,3,
012205,090008,1525910409.5902483,5230,5240,5250,5260,5270,5280,5290,5300,5310,5320,2303,1036,2605,790,503,2893,600,554,550,519,5200,5150,5140,5100,5080,5050,5020,5010,5000,4990,371,2205,38,1389,78,5,112,805,634,350,5987,12353,1,
012205,090009,1525910410.871229,5230,5240,5250,5260,5270,5280,5290,5300,5310,5320,2303,1036,2605,790,503,2893,600,554,550,519,5200,5150,5140,5100,5080,5050,5020,5010,5000,4990,307,2205,38,1389,78,5,112,805,634,350,5923,12353,1,
012205,090010,1525910411.6513646,5230,5240,5250,5260,5270,5280,5290,5300,5310,5320,1895,1036,2605,790,503,2893,600,554,550,519,5150,5140,5100,5080,5050,5040,5020,5010,5000,4990,3176,38,1389,78,5,157,112,805,634,350,6744,11945,1,
012205,090011,1525910412.2113361,5200,5230,5240,5250,5260,5270,5280,5290,5300,5310,500,1895,1036,2605,790,503,2893,600,554,550,5160,5150,5140,5100,5080,5050,5040,5020,5010,5000,290,3176,38,1399,78,5,157,112,805,634,6694,11926,1,
012205,090011,1525910412.8763037,5200,5230,5240,5250,5260,5270,5280,5290,5300,5310,294,1895,1036,2605,790,503,2893,600,554,550,5150,5140,5110,5100,5080,5050,5040,5020,5010,5000,3176,38,260,1399,78,5,157,112,805,634,6664,11720,1,
012205,090012,1525910413.438959,5200,5230,5240,5250,5260,5270,5280,5290,5300,5310,284,1895,1036,2605,790,503,2893,600,554,550,5150,5140,5110,5100,5080,5050,5040,5020,5010,5000,3176,38,260,1399,78,5,157,112,805,634,6664,11710,1,
012205,090013,1525910414.4469495,5200,5230,5240,5250,5260,5270,5280,5290,5300,5310,220,1895,1036,2605,790,503,2893,600,554,550,5150,5140,5110,5100,5080,5050,5040,5020,5010,5000,3176,38,260,1399,78,5,157,112,805,634,6664,11646,1,
012205,090013,1525910414.8986034,5200,5220,5230,5240,5250,5260,5270,5280,5290,5300,216,227,1895,1036,2605,790,503,2893,600,554,5150,5140,5110,5100,5080,5050,5040,5020,5010,5000,2904,38,260,1399,78,5,157,112,805,634,6392,11319,1,
012205,090014,1525910415.521486,5200,5220,5230,5240,5250,5260,5270,5280,5290,5300,216,227,1895,1036,2605,790,503,2893,600,554,5150,5140,5110,5100,5080,5050,5040,5020,5010,5000,2280,38,260,1399,78,5,157,112,805,634,5768,11319,1,
012205,090015,1525910416.8663955,5200,5220,5230,5240,5250,5260,5270,5280,5290,5300,216,227,1895,1036,3405,790,503,2893,600,554,5150,5140,5110,5100,5080,5050,5040,5020,5010,5000,2280,38,260,1399,78,5,157,112,805,634,5768,12119,1,
012205,090016,1525910417.771271,5230,5240,5250,5260,5270,5280,5290,5300,5310,5320,1063,1036,3405,790,503,2893,600,554,550,519,5150,5140,5110,5100,5080,5050,5040,5020,5010,5000,1422,38,260,1399,78,5,157,112,805,634,4910,11913,1,
012205,090017,1525910418.505242,5220,5230,5240,5250,5260,5270,5280,5290,5300,5310,290,993,1036,3405,790,503,2893,600,554,550,5110,5100,5080,5050,5040,5020,5010,5000,4990,4985,195,1795,78,5,157,112,805,634,350,1,4132,11614,1,
012205,090018,1525910419.1742046,5220,5230,5240,5250,5260,5270,5280,5290,5300,5310,290,993,1036,3405,790,503,2893,600,554,550,5140,5110,5100,5080,5050,5040,5020,5010,5000,4990,488,977,1795,78,5,157,112,805,634,350,5401,11614,1,
012205,090018,1525910419.7482002,5220,5230,5240,5250,5260,5270,5280,5290,5300,5310,290,993,1036,3405,790,503,2893,600,554,550,5140,5110,5100,5080,5050,5040,5020,5010,5000,4990,488,977,1795,78,5,157,112,805,820,350,5587,11614,1,
012205,090019,1525910420.4203467,5210,5220,5230,5240,5250,5260,5270,5280,5290,5300,260,290,993,1036,3405,790,503,2893,600,554,5140,5120,5110,5100,5080,5050,5040,5020,5010,5000,488,66,977,1795,78,5,157,112,805,820,5303,11324,1,
012205,090020,1525910421.7229896,5210,5220,5230,5240,5250,5260,5270,5280,5290,5300,223,290,993,1036,3405,790,503,2893,600,554,5140,5120,5110,5100,5080,5050,5040,5020,5010,5000,488,66,782,1795,78,515,157,112,805,820,5618,11287,1,
012205,090021,1525910422.3480573,5210,5220,5230,5240,5250,5260,5270,5280,5290,5300,223,290,993,1036,3405,790,523,2893,600,554,5140,5120,5110,5100,5080,5050,5040,5020,5010,5000,488,158,782,1795,78,515,157,112,805,820,5710,11307,1,
012205,090021,1525910423.0198996,5210,5220,5230,5240,5250,5260,5270,5280,5290,5300,23,290,993,1036,3405,790,523,2893,600,554,5140,5120,5110,5100,5080,5050,5040,5020,5010,5000,538,158,782,1795,78,515,157,112,805,820,5760,11107,1,
012205,090022,1525910423.5252695,5210,5220,5230,5240,5250,5260,5270,5280,5290,5300,29,290,993,1036,3405,790,523,2893,600,554,5140,5120,5110,5100,5080,5050,5040,5020,5010,5000,538,158,782,1795,78,515,157,112,805,820,5760,11113,1,
012205,090023,1525910424.1511059,5210,5220,5230,5240,5250,5260,5270,5280,5290,5300,29,290,993,1036,3405,790,523,2893,600,554,5140,5120,5110,5100,5080,5050,5040,5020,5010,5000,538,158,782,1795,78,515,157,112,805,820,5760,11113,1,
012205,090023,1525910424.7685773,5210,5220,5230,5240,5250,5260,5270,5280,5290,5300,46,290,993,1036,3405,1090,523,2893,600,554,5200,5140,5120,5110,5100,5080,5050,5040,5020,5010,60,538,158,782,1795,78,515,157,112,805,5000,11430,1,
012205,090024,1525910425.2809477,5210,5220,5230,5240,5250,5260,5270,5280,5290,5300,604,230,993,1036,3405,1090,523,2893,600,554,5140,5120,5110,5100,5080,5050,5040,5020,5010,5000,535,158,782,1795,78,515,157,112,805,820,5757,11928,1,
012205,090024,1525910425.848461,5140,5200,5210,5220,5230,5240,5250,5260,5270,5280,2976,20,576,230,993,1036,3405,1090,523,2913,5120,5110,5100,5080,5050,5040,5020,5010,5000,4990,158,782,1795,78,515,157,112,805,820,350,5572,13762,1,
012205,090025,1525910426.4109378,5140,5200,5210,5220,5230,5240,5250,5260,5270,5280,2966,20,576,230,993,1036,3455,1090,523,2913,5120,5110,5100,5080,5050,5040,5020,5010,5000,4990,66,782,1795,78,515,157,112,805,820,350,5480,13802,1,
012205,090025,1525910426.9204319,5140,5200,5210,5230,5240,5250,5260,5270,5280,5290,2964,20,946,993,1036,3575,950,523,2913,600,5110,5100,5080,5050,5040,5020,5010,5000,4990,4985,282,1795,78,515,157,112,805,820,350,1,4915,14520,1,
012205,090026,1525910428.5380316,5140,5160,5200,5210,5230,5240,5250,5260,5270,5280,1238,195,20,946,993,1036,3575,950,523,2913,5110,5100,5080,5050,5040,5020,5010,5000,4990,4985,268,1795,78,515,157,112,805,820,350,1,4901,12389,1,
012205,090026,1525910429.2050169,5140,5160,5200,5210,5230,5240,5250,5260,5270,5280,1238,195,225,946,993,1036,3575,950,523,2913,5110,5100,5080,5050,5040,5020,5010,5000,4990,4985,268,1795,78,515,157,112,805,820,350,1,4901,12594,1,
012205,090027,1525910429.3050864,5140,5160,5200,5210,5230,5240,5250,5260,5270,5280,1158,195,225,946,993,1036,3575,950,523,2913,5080,4985,4980,4960,4955,4950,4945,4940,4930,4900,480,200,461,420,1,1002,5000,121,51,2177,9913,12514,1,
012205,090028,1525910429.5352345,5140,5160,5200,5210,5230,5240,5250,5260,5270,5280,1095,195,225,1160,993,1036,3575,950,523,2913,5130,5110,5080,5000,4985,4980,4960,4955,4950,4945,1510,1,475,1000,400,2865,420,1,3022,5000,14694,12665,1,
012205,090028,1525910429.9024959,5140,5160,5200,5210,5230,5240,5250,5260,5270,5280,1096,195,225,1160,993,1036,3575,950,523,2913,5130,5110,5080,4985,4980,4960,4955,4950,4945,4940,1510,1,475,419,2465,420,1,1002,5000,121,11414,12666,1,
012205,090029,1525910430.5210876,5140,5160,5200,5210,5230,5240,5250,5260,5270,5280,1096,195,225,1160,1035,1036,3575,950,523,2913,5130,5110,5080,4985,4980,4960,4955,4950,4945,4940,1510,1,475,419,2465,420,1,1002,5000,121,11414,12708,1,
012205,090029,1525910431.148988,5140,5160,5200,5210,5230,5240,5250,5260,5270,5280,1096,195,225,1160,1035,1036,3575,950,523,2913,5130,5110,5080,4985,4980,4960,4955,4950,4945,4940,1420,1,475,419,1465,420,1,1002,5000,121,10324,12708,1,
012205,090030,1525910431.806298,5140,5160,5200,5210,5230,5240,5250,5260,5270,5280,896,195,225,1160,1035,1036,3575,950,523,2913,5130,5110,5080,4985,4980,4960,4955,4950,4945,4940,1063,1,475,219,461,420,1,1002,5000,121,8763,12508,1,
012205,090031,1525910433.1054761,5140,5160,5200,5210,5230,5240,5250,5260,5270,5280,831,195,220,1158,1035,1036,3674,1350,523,2913,5130,5110,5080,4985,4980,4970,4960,4955,4950,4945,959,1,475,219,461,81,420,1,1002,5000,8619,12935,1,
012205,090033,1525910434.1375775,5140,5160,5200,5210,5230,5240,5250,5260,5270,5280,1095,195,220,908,1035,1036,3674,1350,523,2913,5130,5110,5080,4990,4985,4980,4970,4960,4955,4950,889,1,627,81,219,461,81,420,1,1002,3782,12949,1,
012205,090033,1525910435.0201957,5140,5160,5200,5210,5230,5240,5250,5260,5270,5280,1311,195,270,908,1015,1036,3674,1350,523,2913,5130,5120,5110,5080,4990,4985,4980,4970,4960,4955,839,1,1,627,81,219,461,81,420,1,2731,13195,1,
012205,090034,1525910435.8737764,5140,5160,5200,5210,5230,5240,5250,5260,5270,5280,1210,195,620,908,1015,1036,3674,1350,523,2913,5130,5120,5110,5080,4990,4985,4980,4970,4960,4955,418,1,1,627,81,219,461,81,420,1,2310,13444,1,
012205,090035,1525910436.6654997,5140,5160,5200,5210,5230,5240,5250,5260,5270,5280,1206,195,620,908,1015,1036,3674,1350,523,2913,5080,4990,4985,4980,4970,4960,4955,4950,4945,4940,135,81,219,461,81,420,1,1002,5000,121,7521,13440,1,
012205,090036,1525910437.5116854,5130,5140,5160,5200,5210,5230,5240,5250,5260,5270,436,1206,195,620,908,1015,1036,3674,1350,523,5080,4990,4985,4980,4970,4960,4955,4950,4945,4940,135,81,219,461,81,420,1,1002,5000,121,7521,10963,1,
012205,090037,1525910438.988499,5130,5140,5160,5200,5210,5230,5240,5250,5260,5270,436,1206,195,620,908,1015,1036,3674,1350,523,4990,4985,4980,4970,4960,4955,4950,4945,4940,4930,6,219,461,81,420,1,1002,5000,121,51,7362,10963,1,
012205,090038,1525910439.6658728,5140,5160,5200,5210,5230,5240,5250,5260,5270,5280,956,195,620,678,1016,1036,3824,1350,523,2913,5130,4995,4990,4985,4980,4970,4960,4955,4950,4945,1056,56,6,219,461,81,420,1,1002,5000,8302,13111,1,
012205,090039,1525910440.3998735,5130,5140,5160,5200,5210,5230,5240,5250,5260,5270,987,941,195,620,678,1016,1036,3824,1350,523,5000,4995,4990,4985,4980,4970,4960,4955,4950,4945,48,56,6,219,461,81,440,1,1002,5000,7314,11170,1,
012205,090039,1525910441.1349082,5110,5130,5140,5160,5200,5210,5230,5240,5250,5260,75,1037,941,195,620,678,1016,1036,3824,1350,5010,5000,4995,4990,4985,4980,4970,4960,4955,4950,399,48,56,6,219,461,81,440,1,1002,2713,10772,1,
012205,090040,1525910441.9210143,5110,5130,5140,5160,5200,5210,5230,5240,5250,5260,155,1078,941,195,620,678,1016,1036,3824,1350,4985,4980,4970,4960,4955,4950,4945,4940,4930,4900,139,461,81,440,1,1002,5000,121,51,2177,9473,10893,1,
012205,090041,1525910442.8398316,5100,5110,5120,5130,5140,5160,5200,5210,5230,5240,271,274,48,3001,941,195,620,678,1016,1036,4960,4955,4950,4945,4940,4930,4900,4880,4870,4860,398,1,1002,5000,121,51,2177,30,1,145,8926,8080,1,
012205,090042,1525910443.5724695,5100,5110,5120,5130,5140,5160,5200,5210,5230,5240,271,274,48,3001,936,195,620,678,1016,1036,5000,4990,4965,4960,4955,4950,4945,4940,4930,4900,1,65,271,398,208,1002,5000,121,51,2177,9294,8075,1,
012205,090043,1525910444.315819,5070,5100,5110,5120,5130,5140,5160,5200,5210,5230,74,271,200,48,3001,936,195,620,678,1016,5000,4995,4990,4985,4960,4955,4950,4945,4940,4930,47,1205,36,1,398,208,1002,5000,121,51,8069,7039,1,
012205,090044,1525910445.2173078,5060,5070,5100,5110,5120,5130,5140,5160,5200,5210,61,74,401,200,77,3001,936,195,620,678,5000,4995,4990,4985,4965,4960,4955,4950,4945,4940,766,1052,36,1,1,398,1,1002,5000,121,8378,6243,1,
012205,090045,1525910446.2342138,5010,5050,5060,5100,5110,5120,5130,5140,5160,5200,5220,74,61,430,200,48,3001,720,195,620,5000,4995,4990,4985,4965,4960,4955,4950,4945,4940,526,1052,36,1,1,398,1,1002,5000,121,8138,10569,1,
012205,090045,1525910447.0866818,5010,5050,5060,5100,5110,5120,5130,5140,5160,5200,5220,74,61,430,200,48,2960,720,195,620,5000,4995,4990,4985,4965,4960,4955,4950,4945,4940,506,1052,36,1,1,398,1,1002,5000,121,8118,10528,1,
012205,090046,1525910447.9411952,4980,5000,5010,5050,5060,5100,5110,5120,5130,5140,14,616,5220,74,61,430,200,48,2960,720,4965,4960,4955,4950,4945,4940,4930,4900,4880,4870,1,408,1,1002,5000,121,51,2177,30,1,8792,10343,1,
012205,090047,1525910448.903166,4955,4980,4985,4990,5000,5010,5050,5060,5100,5110,577,12,698,9158,616,5220,74,126,401,200,4950,4945,4940,4930,4900,4880,4870,4860,4850,4845,964,5000,121,51,2177,30,1,145,651,3358,12498,17082,1,
012205,090048,1525910449.6970196,4955,4980,4985,4990,4995,5000,5010,5060,5100,5110,577,12,753,9158,74,677,5220,282,190,248,4950,4945,4940,4930,4900,4880,4870,4860,4850,4845,964,5000,121,51,2177,30,1,145,651,3358,12498,17191,1,
012205,090049,1525910450.5373917,4955,4975,4980,4985,4990,5000,5010,5060,5100,5110,576,74,13,753,9158,677,5220,282,190,248,4950,4945,4940,4930,4900,4880,4870,4860,4850,4845,888,5001,121,51,2177,30,1,145,651,3358,12423,17191,1,
012205,090050,1525910451.3272738,4955,4980,4985,4990,5000,5010,5100,5110,5130,5140,356,13,753,9223,701,5431,190,248,2960,408,4950,4945,4940,4930,4900,4880,4870,4860,4850,4845,786,5001,121,51,2177,30,1,145,651,3358,12321,20283,1,
012205,090050,1525910452.1190686,4955,4980,4985,4990,5000,5010,5100,5110,5130,5140,585,13,753,9223,701,5431,190,248,2960,408,4950,4945,4940,4930,4900,4880,4870,4860,4850,4845,1,2697,121,51,2177,30,1,145,651,3358,9232,20512,1,
012205,090051,1525910452.8591092,4955,4980,4985,4990,5000,5010,5100,5110,5130,5140,585,13,753,9223,660,5431,4,248,2960,408,4950,4945,4940,4930,4900,4890,4880,4870,4860,4850,101,2697,121,51,2177,1,30,1,145,651,5975,20285,1,
012205,090052,1525910453.5383198,4955,4980,4985,4990,5000,5010,5100,5110,5130,5140,583,13,818,9158,660,5431,4,248,2960,408,4950,4945,4940,4930,4900,4890,4880,4870,4860,4850,137,2697,121,51,2177,1,30,1,145,651,6011,20283,1,
012205,090053,1525910454.27526,4955,4980,4985,4990,5000,5010,5100,5110,5130,5140,582,13,818,9158,660,5431,4,248,2960,408,4950,4945,4940,4930,4900,4890,4880,4870,4860,4850,137,2697,121,51,2177,1,30,1,145,651,6011,20282,1,
012205,090053,1525910455.1223235,4955,4980,4985,4990,5000,5010,5100,5110,5130,5140,419,13,818,9158,660,5431,4,248,2960,408,4945,4940,4930,4900,4890,4880,4870,4860,4855,4850,834,121,51,2177,1,30,1,145,84,651,4095,20119,1,
012205,090054,1525910455.9036424,4955,4980,4985,4990,5000,5010,5100,5110,5130,5140,619,13,818,9158,660,5431,4,248,2960,408,4945,4940,4930,4900,4890,4880,4870,4860,4855,4850,834,121,51,2177,1,30,1,145,84,651,4095,20319,1,
012205,090055,1525910456.652943,4955,4980,4985,4990,5000,5010,5100,5110,5130,5140,619,13,818,9158,660,5431,4,248,2960,407,4945,4940,4930,4900,4890,4880,4870,4860,4855,4850,1012,121,51,2177,1,30,1,145,84,651,4273,20318,1,
012205,090056,1525910457.389237,4920,4930,4945,4955,4980,4985,4990,5000,5010,5100,1476,583,268,619,13,818,9158,640,211,4,4845,4840,4835,4830,4825,4820,4815,4810,4805,4800,1154,1,1,1,1,1,1,1,1,271,1433,13790,1,
012205,090057,1525910458.234519,4900,4920,4925,4930,4940,4945,4955,4980,4985,4990,590,4428,48,583,1164,323,619,85,763,9158,4845,4840,4835,4830,4825,4820,4815,4810,4805,4800,1195,1,1,1,1,1,1,1,1,271,1474,17761,1,
012205,090058,1525910459.258417,4900,4920,4925,4930,4940,4945,4955,4980,4985,4990,590,4428,103,583,1164,268,623,85,763,9158,4845,4840,4835,4830,4825,4820,4815,4810,4805,4800,580,1,1,1,1,1,1,1,1,271,859,17765,1,
012205,090059,1525910460.220643,4890,4895,4900,4920,4925,4930,4940,4945,4955,4980,84,211,571,4428,103,583,1164,268,623,85,4845,4840,4835,4830,4825,4820,4815,4810,4805,4800,581,1,1,1,1,1,1,1,1,271,860,8120,1,
012205,090100,1525910461.9853325,4850,4880,4890,4895,4900,4920,4925,4930,4940,4945,6715,83,1,211,571,4428,103,583,1164,268,4845,4840,4835,4830,4825,4820,4815,4810,4805,4800,182,1,1,1,1,1,1,1,1,272,462,14127,1,
012205,090101,1525910462.845181,4850,4880,4890,4895,4900,4920,4925,4930,4940,4945,6695,83,56,211,571,4428,48,583,1164,268,4845,4840,4835,4830,4825,4820,4815,4810,4805,4800,141,1,1,11,1,1,1,154,1,272,584,14107,1,
012205,090102,1525910463.6934972,4850,4890,4895,4900,4920,4925,4930,4940,4945,4955,6635,56,211,571,4428,48,583,1164,268,623,4845,4840,4835,4830,4825,4820,4815,4810,4805,4800,8,1,1,11,1,1,1,154,1,272,451,14587,1,
012205,090103,1525910464.4852831,4850,4890,4895,4900,4920,4925,4930,4940,4945,4955,6120,56,211,571,4428,48,583,1164,268,623,4845,4840,4835,4830,4825,4820,4815,4810,4805,4800,8,1,1,11,1,1,1,154,1,272,451,14072,1,
012205,090104,1525910465.1823936,4850,4890,4895,4900,4920,4925,4930,4940,4945,4950,6120,56,211,570,4428,48,583,1164,268,138,4845,4840,4835,4830,4825,4820,4815,4810,4805,4800,8,33,1,11,1,1,1,154,1,272,483,13586,1,
012205,090104,1525910465.9083734,4850,4890,4895,4900,4915,4920,4925,4930,4940,4945,6120,56,211,570,65,4428,48,583,1164,268,4845,4840,4835,4830,4825,4820,4815,4810,4805,4800,8,33,1,11,1,1,1,154,1,272,483,13513,1,
012205,090105,1525910466.587005,4710,4755,4800,0,0,0,0,0,0,0,78,633,158,0,0,0,0,0,0,0,4705,4700,4695,0,0,0,0,0,0,0,49,511,1,0,0,0,0,0,0,0,483,13513,3,
012205,090106,1525910467.3249986,4755,4800,4810,0,0,0,0,0,0,0,423,158,38,0,0,0,0,0,0,0,4710,4705,4700,0,0,0,0,0,0,0,3,61,511,0,0,0,0,0,0,0,483,13513,3,
012205,090106,1525910468.0631082,4755,4800,4810,0,0,0,0,0,0,0,406,158,38,0,0,0,0,0,0,0,4710,4705,4700,0,0,0,0,0,0,0,3,61,511,0,0,0,0,0,0,0,483,13513,3,
012205,090107,1525910468.7376845,4755,4800,4810,0,0,0,0,0,0,0,378,158,38,0,0,0,0,0,0,0,4710,4705,4700,0,0,0,0,0,0,0,3,61,511,0,0,0,0,0,0,0,483,13513,3,
012205,090108,1525910469.418948,4755,4800,4810,0,0,0,0,0,0,0,104,158,38,0,0,0,0,0,0,0,4710,4705,4700,0,0,0,0,0,0,0,4,61,511,0,0,0,0,0,0,0,483,13513,3,
012205,090108,1525910470.1545398,4850,4890,4895,0,0,0,0,0,0,0,5872,56,211,0,0,0,0,0,0,0,4845,4755,4710,0,0,0,0,0,0,0,50,34,4,0,0,0,0,0,0,0,483,13513,3,
012205,090109,1525910470.7699573,4850,4890,4895,0,0,0,0,0,0,0,5877,56,211,0,0,0,0,0,0,0,4845,4755,4710,0,0,0,0,0,0,0,50,34,4,0,0,0,0,0,0,0,483,13513,3,
012205,090110,1525910471.3472955,4800,4810,4835,0,0,0,0,0,0,0,36,38,1,0,0,0,0,0,0,0,4755,4710,4705,0,0,0,0,0,0,0,34,4,61,0,0,0,0,0,0,0,483,13513,3,
012205,090110,1525910471.9730332,4710,4800,4810,0,0,0,0,0,0,0,78,158,38,0,0,0,0,0,0,0,4700,4695,4690,0,0,0,0,0,0,0,510,1,1,0,0,0,0,0,0,0,483,13513,3,
012205,090111,1525910472.6427884,4710,4800,4810,0,0,0,0,0,0,0,78,158,38,0,0,0,0,0,0,0,4700,4695,4690,0,0,0,0,0,0,0,511,1,1,0,0,0,0,0,0,0,483,13513,3,
012205,090112,1525910473.3176982,4800,4810,4835,0,0,0,0,0,0,0,158,38,1,0,0,0,0,0,0,0,4710,4705,4700,0,0,0,0,0,0,0,160,62,511,0,0,0,0,0,0,0,483,13513,3,
012205,090112,1525910474.0585825,4800,4810,4835,0,0,0,0,0,0,0,158,38,1,0,0,0,0,0,0,0,4710,4705,4700,0,0,0,0,0,0,0,156,62,511,0,0,0,0,0,0,0,483,13513,3,
012205,090113,1525910474.8539958,4710,4800,4810,0,0,0,0,0,0,0,92,158,38,0,0,0,0,0,0,0,4705,4700,4695,0,0,0,0,0,0,0,62,511,1,0,0,0,0,0,0,0,483,13513,3,
012205,090114,1525910475.5197527,4710,4800,4810,0,0,0,0,0,0,0,102,158,38,0,0,0,0,0,0,0,4705,4700,4695,0,0,0,0,0,0,0,62,511,1,0,0,0,0,0,0,0,483,13513,3,
012205,090115,1525910476.2717469,4710,4800,4810,0,0,0,0,0,0,0,3,158,38,0,0,0,0,0,0,0,4705,4700,4695,0,0,0,0,0,0,0,62,812,1,0,0,0,0,0,0,0,483,13513,3,
012205,090116,1525910477.1716766,4800,4810,4835,0,0,0,0,0,0,0,158,38,1,0,0,0,0,0,0,0,4710,4705,4700,0,0,0,0,0,0,0,97,62,812,0,0,0,0,0,0,0,483,13513,3,
012205,090117,1525910478.9336598,4800,4810,4835,0,0,0,0,0,0,0,158,38,1,0,0,0,0,0,0,0,4710,4705,4700,0,0,0,0,0,0,0,63,62,812,0,0,0,0,0,0,0,483,13513,3,
012205,090119,1525910480.293392,4710,4800,4810,0,0,0,0,0,0,0,427,158,38,0,0,0,0,0,0,0,4705,4700,4695,0,0,0,0,0,0,0,62,812,1,0,0,0,0,0,0,0,483,13513,3,
012205,090120,1525910481.5422888,4705,4710,4800,0,0,0,0,0,0,0,10,288,158,0,0,0,0,0,0,0,4700,4695,4690,0,0,0,0,0,0,0,10,11,1,0,0,0,0,0,0,0,483,13513,3,
012205,090121,1525910482.1742926,4705,4710,4800,0,0,0,0,0,0,0,10,288,158,0,0,0,0,0,0,0,4700,4695,4690,0,0,0,0,0,0,0,128,11,1,0,0,0,0,0,0,0,483,13513,3,
012205,090121,1525910482.8539946,4705,4710,4800,0,0,0,0,0,0,0,10,288,158,0,0,0,0,0,0,0,4700,4695,4690,0,0,0,0,0,0,0,138,11,1,0,0,0,0,0,0,0,483,13513,3,
