054930,083032,1525908634.1257744,18800,18850,18950,0,0,0,0,0,0,0,10,11,10,0,0,0,0,0,0,0,18700,18600,17800,0,0,0,0,0,0,0,100,3,10,0,0,0,0,0,0,0,0,0,3,
054930,083039,1525908640.9418514,18800,18850,18950,0,0,0,0,0,0,0,10,11,10,0,0,0,0,0,0,0,18700,18600,17800,0,0,0,0,0,0,0,150,3,10,0,0,0,0,0,0,0,0,0,3,
054930,083332,1525908813.6734564,18800,18850,18950,0,0,0,0,0,0,0,10,11,10,0,0,0,0,0,0,0,18700,18600,17800,0,0,0,0,0,0,0,150,3,10,0,0,0,0,0,0,0,0,0,3,
054930,083431,1525908872.3076005,18800,18850,18950,0,0,0,0,0,0,0,10,11,10,0,0,0,0,0,0,0,18700,18600,17800,0,0,0,0,0,0,0,150,3,10,0,0,0,0,0,0,0,0,0,3,
054930,083459,1525908901.1512115,18800,18850,18950,0,0,0,0,0,0,0,10,11,10,0,0,0,0,0,0,0,18700,18600,17800,0,0,0,0,0,0,0,150,3,10,0,0,0,0,0,0,0,0,0,3,
054930,083505,1525908906.853133,19050,19100,19200,0,0,0,0,0,0,0,20,10,52,0,0,0,0,0,0,0,19000,18700,18600,0,0,0,0,0,0,0,88,164,3,0,0,0,0,0,0,0,0,0,3,
054930,083736,1525909057.4917843,19050,19100,19200,0,0,0,0,0,0,0,20,10,52,0,0,0,0,0,0,0,19000,18700,18600,0,0,0,0,0,0,0,88,164,3,0,0,0,0,0,0,0,0,0,3,
054930,083814,1525909095.9422271,19050,19100,19200,0,0,0,0,0,0,0,20,10,52,0,0,0,0,0,0,0,19000,18700,18600,0,0,0,0,0,0,0,88,165,3,0,0,0,0,0,0,0,0,0,3,
054930,083821,1525909102.8157887,19050,19100,19200,0,0,0,0,0,0,0,20,10,52,0,0,0,0,0,0,0,19000,18700,18600,0,0,0,0,0,0,0,88,165,3,0,0,0,0,0,0,0,0,0,3,
054930,083827,1525909108.951759,19050,19100,19200,0,0,0,0,0,0,0,20,10,52,0,0,0,0,0,0,0,19000,18700,18600,0,0,0,0,0,0,0,88,165,3,0,0,0,0,0,0,0,0,0,3,
054930,084232,1525909353.2808037,19050,19100,19200,0,0,0,0,0,0,0,20,10,52,0,0,0,0,0,0,0,19000,18700,18600,0,0,0,0,0,0,0,88,165,3,0,0,0,0,0,0,0,0,0,3,
054930,084257,1525909378.4246254,19100,19200,19250,0,0,0,0,0,0,0,10,52,20,0,0,0,0,0,0,0,19000,18700,18600,0,0,0,0,0,0,0,99,165,3,0,0,0,0,0,0,0,0,0,3,
054930,084317,1525909398.64629,19100,19200,19250,0,0,0,0,0,0,0,10,52,20,0,0,0,0,0,0,0,19000,18700,18600,0,0,0,0,0,0,0,99,165,3,0,0,0,0,0,0,0,0,0,3,
054930,084317,1525909398.7092578,19100,19200,19250,0,0,0,0,0,0,0,10,52,20,0,0,0,0,0,0,0,19000,18700,18600,0,0,0,0,0,0,0,99,115,3,0,0,0,0,0,0,0,0,0,3,
054930,084403,1525909444.6131454,19100,19200,19250,0,0,0,0,0,0,0,10,52,20,0,0,0,0,0,0,0,19000,18700,18600,0,0,0,0,0,0,0,99,115,3,0,0,0,0,0,0,0,0,0,3,
054930,084410,1525909452.0434508,19100,19200,19250,0,0,0,0,0,0,0,10,52,20,0,0,0,0,0,0,0,19000,18700,18600,0,0,0,0,0,0,0,99,115,3,0,0,0,0,0,0,0,0,0,3,
054930,084412,1525909454.080956,19100,19200,19250,0,0,0,0,0,0,0,10,52,20,0,0,0,0,0,0,0,19000,18700,18600,0,0,0,0,0,0,0,99,115,3,0,0,0,0,0,0,0,0,0,3,
054930,084416,1525909457.2874706,19100,19200,19250,0,0,0,0,0,0,0,10,52,20,0,0,0,0,0,0,0,19000,18700,18600,0,0,0,0,0,0,0,88,115,3,0,0,0,0,0,0,0,0,0,3,
054930,084419,1525909460.4380078,19050,19100,19200,0,0,0,0,0,0,0,20,10,52,0,0,0,0,0,0,0,19000,18700,18600,0,0,0,0,0,0,0,88,115,3,0,0,0,0,0,0,0,0,0,3,
054930,084422,1525909463.2775507,19050,19100,19200,0,0,0,0,0,0,0,20,10,52,0,0,0,0,0,0,0,19000,18700,18600,0,0,0,0,0,0,0,88,115,3,0,0,0,0,0,0,0,0,0,3,
054930,084430,1525909471.5661669,19050,19100,19200,0,0,0,0,0,0,0,20,10,52,0,0,0,0,0,0,0,19000,18700,18600,0,0,0,0,0,0,0,88,115,3,0,0,0,0,0,0,0,0,0,3,
054930,084505,1525909506.9092438,19050,19100,19200,0,0,0,0,0,0,0,20,10,52,0,0,0,0,0,0,0,19000,18700,18600,0,0,0,0,0,0,0,88,115,3,0,0,0,0,0,0,0,0,0,3,
054930,084519,1525909520.7042038,19050,19100,19200,0,0,0,0,0,0,0,20,10,52,0,0,0,0,0,0,0,19000,18700,18600,0,0,0,0,0,0,0,88,115,3,0,0,0,0,0,0,0,0,0,3,
054930,084529,1525909530.6349964,19050,19100,19200,0,0,0,0,0,0,0,20,10,52,0,0,0,0,0,0,0,19000,18700,18600,0,0,0,0,0,0,0,88,115,3,0,0,0,0,0,0,0,0,0,3,
054930,084545,1525909546.489738,19050,19100,19200,0,0,0,0,0,0,0,20,10,52,0,0,0,0,0,0,0,19000,18700,18600,0,0,0,0,0,0,0,88,115,3,0,0,0,0,0,0,0,0,0,3,
054930,084556,1525909558.144251,19050,19100,19200,0,0,0,0,0,0,0,20,10,52,0,0,0,0,0,0,0,19000,18700,18600,0,0,0,0,0,0,0,88,115,3,0,0,0,0,0,0,0,0,0,3,
054930,084557,1525909558.3537526,19050,19100,19200,0,0,0,0,0,0,0,20,10,52,0,0,0,0,0,0,0,19000,18700,18600,0,0,0,0,0,0,0,88,115,3,0,0,0,0,0,0,0,0,0,3,
054930,084612,1525909574.1048493,19050,19100,19200,0,0,0,0,0,0,0,20,10,52,0,0,0,0,0,0,0,19000,18700,18600,0,0,0,0,0,0,0,88,115,3,0,0,0,0,0,0,0,0,0,3,
054930,084633,1525909594.365785,19050,19100,19200,0,0,0,0,0,0,0,20,10,52,0,0,0,0,0,0,0,19000,18700,18600,0,0,0,0,0,0,0,88,115,1003,0,0,0,0,0,0,0,0,0,3,
054930,084652,1525909614.0672188,19050,19100,19200,0,0,0,0,0,0,0,20,10,52,0,0,0,0,0,0,0,19000,18700,18600,0,0,0,0,0,0,0,88,115,1003,0,0,0,0,0,0,0,0,0,3,
054930,084654,1525909615.4577317,19050,19100,19200,0,0,0,0,0,0,0,20,10,52,0,0,0,0,0,0,0,19000,18700,18600,0,0,0,0,0,0,0,88,115,1003,0,0,0,0,0,0,0,0,0,3,
054930,084704,1525909625.5513563,19050,19100,19200,0,0,0,0,0,0,0,20,10,52,0,0,0,0,0,0,0,19000,18700,18600,0,0,0,0,0,0,0,88,115,1003,0,0,0,0,0,0,0,0,0,3,
054930,084741,1525909662.8273404,19050,19100,19200,0,0,0,0,0,0,0,20,10,52,0,0,0,0,0,0,0,19000,18700,18600,0,0,0,0,0,0,0,88,115,1003,0,0,0,0,0,0,0,0,0,3,
054930,084818,1525909700.073491,19050,19100,19200,0,0,0,0,0,0,0,20,10,52,0,0,0,0,0,0,0,19000,18700,18600,0,0,0,0,0,0,0,188,115,1003,0,0,0,0,0,0,0,0,0,3,
054930,084959,1525909801.2387934,19050,19100,19200,0,0,0,0,0,0,0,20,10,52,0,0,0,0,0,0,0,19000,18700,18600,0,0,0,0,0,0,0,588,115,1003,0,0,0,0,0,0,0,0,0,3,
054930,085056,1525909857.47675,19050,19100,19200,0,0,0,0,0,0,0,20,10,52,0,0,0,0,0,0,0,19000,18700,18600,0,0,0,0,0,0,0,588,115,1103,0,0,0,0,0,0,0,0,0,3,
054930,085058,1525909859.2439637,19050,19100,19200,0,0,0,0,0,0,0,20,10,52,0,0,0,0,0,0,0,19000,18700,18600,0,0,0,0,0,0,0,588,115,1103,0,0,0,0,0,0,0,0,0,3,
054930,085105,1525909866.630117,19050,19100,19200,0,0,0,0,0,0,0,20,10,52,0,0,0,0,0,0,0,19000,18700,18600,0,0,0,0,0,0,0,588,115,1103,0,0,0,0,0,0,0,0,0,3,
054930,085111,1525909872.793578,19050,19100,19200,0,0,0,0,0,0,0,20,10,52,0,0,0,0,0,0,0,19000,18700,18600,0,0,0,0,0,0,0,588,115,1103,0,0,0,0,0,0,0,0,0,3,
054930,085122,1525909883.2430143,19050,19100,19200,0,0,0,0,0,0,0,20,10,52,0,0,0,0,0,0,0,19000,18700,18600,0,0,0,0,0,0,0,588,115,1103,0,0,0,0,0,0,0,0,0,3,
054930,085122,1525909883.615002,19050,19100,19200,0,0,0,0,0,0,0,20,10,52,0,0,0,0,0,0,0,19000,18700,18600,0,0,0,0,0,0,0,588,115,1103,0,0,0,0,0,0,0,0,0,3,
054930,085123,1525909884.2583733,19050,19100,19200,0,0,0,0,0,0,0,20,10,52,0,0,0,0,0,0,0,19000,18700,18600,0,0,0,0,0,0,0,588,115,1103,0,0,0,0,0,0,0,0,0,3,
054930,085125,1525909886.5568612,19050,19100,19200,0,0,0,0,0,0,0,20,10,52,0,0,0,0,0,0,0,19000,18700,18600,0,0,0,0,0,0,0,588,115,1103,0,0,0,0,0,0,0,0,0,3,
054930,085126,1525909887.733334,19050,19100,19200,0,0,0,0,0,0,0,20,10,52,0,0,0,0,0,0,0,19000,18700,18600,0,0,0,0,0,0,0,588,115,1103,0,0,0,0,0,0,0,0,0,3,
054930,085127,1525909888.8056917,19050,19100,19200,0,0,0,0,0,0,0,20,10,52,0,0,0,0,0,0,0,19000,18700,18600,0,0,0,0,0,0,0,588,115,1103,0,0,0,0,0,0,0,0,0,3,
054930,085131,1525909892.8776562,19050,19100,19200,0,0,0,0,0,0,0,20,10,52,0,0,0,0,0,0,0,19000,18700,18600,0,0,0,0,0,0,0,588,115,1103,0,0,0,0,0,0,0,0,0,3,
054930,085136,1525909897.5429597,19050,19100,19200,0,0,0,0,0,0,0,20,10,52,0,0,0,0,0,0,0,19000,18700,18600,0,0,0,0,0,0,0,588,115,1103,0,0,0,0,0,0,0,0,0,3,
054930,085138,1525909899.4758098,19050,19100,19200,0,0,0,0,0,0,0,20,10,52,0,0,0,0,0,0,0,19000,18700,18600,0,0,0,0,0,0,0,588,115,1103,0,0,0,0,0,0,0,0,0,3,
054930,085142,1525909903.4256537,19050,19100,19200,0,0,0,0,0,0,0,20,10,52,0,0,0,0,0,0,0,19000,18700,18600,0,0,0,0,0,0,0,588,115,1103,0,0,0,0,0,0,0,0,0,3,
054930,085150,1525909911.6935573,19050,19100,19200,0,0,0,0,0,0,0,20,10,52,0,0,0,0,0,0,0,19000,18700,18600,0,0,0,0,0,0,0,188,115,1103,0,0,0,0,0,0,0,0,0,3,
054930,085152,1525909913.6776469,19050,19100,19200,0,0,0,0,0,0,0,20,10,52,0,0,0,0,0,0,0,19000,18700,18600,0,0,0,0,0,0,0,188,115,1103,0,0,0,0,0,0,0,0,0,3,
054930,085154,1525909915.7683706,19050,19100,19200,0,0,0,0,0,0,0,20,10,52,0,0,0,0,0,0,0,19000,18700,18600,0,0,0,0,0,0,0,188,115,1103,0,0,0,0,0,0,0,0,0,3,
054930,085156,1525909917.432008,19050,19100,19200,0,0,0,0,0,0,0,20,10,52,0,0,0,0,0,0,0,19000,18700,18600,0,0,0,0,0,0,0,188,115,1103,0,0,0,0,0,0,0,0,0,3,
054930,085156,1525909918.1228166,19050,19100,19200,0,0,0,0,0,0,0,20,10,52,0,0,0,0,0,0,0,19000,18700,18600,0,0,0,0,0,0,0,188,115,1103,0,0,0,0,0,0,0,0,0,3,
054930,085208,1525909929.665354,19050,19100,19200,0,0,0,0,0,0,0,20,10,52,0,0,0,0,0,0,0,19000,18700,18600,0,0,0,0,0,0,0,188,115,1103,0,0,0,0,0,0,0,0,0,3,
054930,085218,1525909939.5270424,19050,19100,19200,0,0,0,0,0,0,0,20,10,52,0,0,0,0,0,0,0,19000,18700,18600,0,0,0,0,0,0,0,188,115,1103,0,0,0,0,0,0,0,0,0,3,
054930,085236,1525909957.9748638,19050,19100,19200,0,0,0,0,0,0,0,20,10,52,0,0,0,0,0,0,0,19000,18700,18600,0,0,0,0,0,0,0,188,115,1103,0,0,0,0,0,0,0,0,0,3,
054930,085237,1525909958.399256,19050,19100,19200,0,0,0,0,0,0,0,20,10,52,0,0,0,0,0,0,0,19000,18700,18600,0,0,0,0,0,0,0,188,115,1103,0,0,0,0,0,0,0,0,0,3,
054930,085238,1525909959.8463902,19050,19100,19200,0,0,0,0,0,0,0,20,10,52,0,0,0,0,0,0,0,19000,18700,18600,0,0,0,0,0,0,0,188,215,1103,0,0,0,0,0,0,0,0,0,3,
054930,085310,1525909992.0859947,19050,19100,19200,0,0,0,0,0,0,0,20,10,52,0,0,0,0,0,0,0,19000,18700,18600,0,0,0,0,0,0,0,188,215,1103,0,0,0,0,0,0,0,0,0,3,
054930,085314,1525909995.7873075,19050,19100,19200,0,0,0,0,0,0,0,20,10,52,0,0,0,0,0,0,0,19000,18700,18600,0,0,0,0,0,0,0,188,215,1103,0,0,0,0,0,0,0,0,0,3,
054930,085352,1525910033.825462,19050,19100,19200,0,0,0,0,0,0,0,20,10,52,0,0,0,0,0,0,0,19000,18700,18600,0,0,0,0,0,0,0,188,215,1103,0,0,0,0,0,0,0,0,0,3,
054930,085404,1525910046.1041381,19100,19200,19250,0,0,0,0,0,0,0,10,52,10,0,0,0,0,0,0,0,19050,19000,18700,0,0,0,0,0,0,0,223,200,215,0,0,0,0,0,0,0,0,0,3,
054930,085413,1525910054.3866177,19050,19100,19200,0,0,0,0,0,0,0,20,10,52,0,0,0,0,0,0,0,19000,18700,18600,0,0,0,0,0,0,0,188,215,1103,0,0,0,0,0,0,0,0,0,3,
054930,085600,1525910161.8456774,19100,19200,19250,0,0,0,0,0,0,0,10,52,10,0,0,0,0,0,0,0,19050,19000,18700,0,0,0,0,0,0,0,68,200,215,0,0,0,0,0,0,0,0,0,3,
054930,085621,1525910182.5104032,19100,19200,19250,0,0,0,0,0,0,0,10,52,10,0,0,0,0,0,0,0,19050,19000,18700,0,0,0,0,0,0,0,68,200,215,0,0,0,0,0,0,0,0,0,3,
054930,085647,1525910208.995809,19100,19200,19250,0,0,0,0,0,0,0,10,52,10,0,0,0,0,0,0,0,19050,19000,18700,0,0,0,0,0,0,0,568,200,215,0,0,0,0,0,0,0,0,0,3,
054930,085655,1525910216.9313326,19100,19200,19250,0,0,0,0,0,0,0,10,52,10,0,0,0,0,0,0,0,19050,19000,18700,0,0,0,0,0,0,0,568,200,215,0,0,0,0,0,0,0,0,0,3,
054930,085729,1525910250.5764828,19100,19200,19250,0,0,0,0,0,0,0,10,52,10,0,0,0,0,0,0,0,19050,19000,18700,0,0,0,0,0,0,0,568,200,215,0,0,0,0,0,0,0,0,0,3,
054930,085843,1525910324.949129,19100,19200,19250,0,0,0,0,0,0,0,10,52,10,0,0,0,0,0,0,0,19050,19000,18700,0,0,0,0,0,0,0,568,200,215,0,0,0,0,0,0,0,0,0,3,
054930,085913,1525910354.412176,19100,19200,19250,0,0,0,0,0,0,0,10,52,10,0,0,0,0,0,0,0,19050,19000,18700,0,0,0,0,0,0,0,578,200,215,0,0,0,0,0,0,0,0,0,3,
054930,085913,1525910354.4682288,19100,19200,19250,0,0,0,0,0,0,0,10,52,10,0,0,0,0,0,0,0,19050,19000,18700,0,0,0,0,0,0,0,588,200,215,0,0,0,0,0,0,0,0,0,3,
054930,085921,1525910362.3971927,19100,19200,19250,0,0,0,0,0,0,0,10,52,10,0,0,0,0,0,0,0,19050,19000,18700,0,0,0,0,0,0,0,588,200,215,0,0,0,0,0,0,0,0,0,3,
054930,085923,1525910364.8242626,19200,19250,19350,0,0,0,0,0,0,0,52,10,19,0,0,0,0,0,0,0,19050,19000,18700,0,0,0,0,0,0,0,588,200,215,0,0,0,0,0,0,0,0,0,3,
054930,085935,1525910376.8166907,19200,19250,19350,0,0,0,0,0,0,0,52,10,19,0,0,0,0,0,0,0,19050,19000,18700,0,0,0,0,0,0,0,588,200,215,0,0,0,0,0,0,0,0,0,3,
054930,085944,1525910385.640558,19200,19250,19350,0,0,0,0,0,0,0,52,10,19,0,0,0,0,0,0,0,19050,19000,18700,0,0,0,0,0,0,0,1588,200,215,0,0,0,0,0,0,0,0,0,3,
054930,085944,1525910386.0325797,19200,19250,19350,0,0,0,0,0,0,0,52,10,19,0,0,0,0,0,0,0,19050,19000,18700,0,0,0,0,0,0,0,1588,200,215,0,0,0,0,0,0,0,0,0,3,
054930,090009,1525910410.3059406,19200,19250,19350,19400,19500,19600,19700,19800,19850,19900,52,10,19,17,258,100,700,400,400,14,19050,19000,18700,18600,18550,18400,18350,18300,18200,18150,2125,200,215,1103,1000,51,9,224,181,550,5658,1970,1,
054930,090011,1525910412.8442366,19200,19250,19350,19400,19500,19600,19700,19800,19850,19900,52,30,19,17,258,100,700,400,400,14,19050,19000,18700,18600,18550,18400,18350,18300,18200,18150,2125,200,215,1103,1000,51,9,224,181,550,5658,1990,1,
054930,090012,1525910413.8426373,19200,19250,19350,19400,19500,19600,19700,19800,19850,19900,52,20,19,17,258,100,700,400,400,14,19050,19000,18700,18600,18550,18400,18350,18300,18200,18150,2125,200,215,1103,1000,51,9,224,181,550,5658,1980,1,
054930,090015,1525910416.774717,19200,19250,19350,19400,19500,19600,19700,19800,19850,19900,52,20,19,17,258,100,700,400,400,14,19050,19000,18700,18600,18550,18400,18350,18300,18200,18150,2125,200,215,1103,1020,51,9,224,181,550,5678,1980,1,
054930,090018,1525910419.987428,19200,19250,19350,19400,19500,19600,19700,19800,19850,19900,51,20,19,17,258,100,700,400,400,14,19050,19000,18700,18600,18550,18400,18350,18300,18200,18150,2125,200,215,1103,1020,51,9,224,181,550,5678,1979,1,
054930,090019,1525910420.3721387,19200,19250,19350,19400,19500,19600,19700,19800,19850,19900,51,20,19,17,258,100,700,400,400,14,19050,19000,18700,18600,18550,18400,18350,18300,18200,18150,2125,200,215,1103,1020,51,20,224,181,550,5689,1979,1,
054930,090022,1525910424.059866,19200,19250,19350,19400,19500,19600,19700,19800,19850,19900,51,20,129,17,258,100,700,400,400,14,19050,19000,18700,18600,18550,18400,18350,18300,18200,18150,2125,200,215,1103,1020,51,20,224,181,550,5689,2089,1,
054930,090031,1525910432.8291578,19200,19250,19350,19400,19500,19600,19700,19800,19850,19900,51,20,129,17,258,100,700,400,400,14,19050,19000,18700,18600,18550,18400,18350,18300,18200,18150,2125,200,215,1103,1020,51,20,224,181,550,5689,2089,1,
054930,090033,1525910434.788836,19600,19700,19800,19850,19900,20400,20900,21000,21100,21300,100,700,400,400,14,20,55,100,8,580,19500,19050,19000,18700,18600,18550,18400,18350,18300,18200,62,1588,200,215,1103,1020,51,20,224,181,4664,2377,1,
054930,090034,1525910435.6032014,19600,19700,19800,19850,19900,20400,20900,21000,21100,21300,100,700,400,400,14,20,55,100,8,580,19500,19100,19050,19000,18700,18600,18550,18400,18350,18300,62,168,1588,200,215,1103,1020,51,20,224,4651,2377,1,
054930,090037,1525910439.0743995,19600,19700,19800,19850,19900,20400,20900,21000,21100,21300,100,700,400,400,14,20,55,100,8,580,19500,19100,19050,19000,18700,18600,18550,18400,18350,18300,42,168,1588,200,215,1103,1020,51,20,224,4631,2377,1,
054930,090039,1525910440.6418426,19600,19700,19800,19850,19900,20400,20900,21000,21100,21300,100,700,400,400,14,20,55,100,8,580,19100,19050,19000,18700,18600,18550,18400,18350,18300,18200,132,1588,200,215,1103,1020,51,20,224,181,4734,2377,1,
054930,090040,1525910441.2020073,19600,19700,19750,19800,19850,19900,20400,20900,21000,21100,100,700,36,400,400,14,20,55,100,8,19100,19050,19000,18900,18700,18600,18550,18400,18350,18300,392,1588,563,529,215,1103,1020,51,20,224,5705,1833,1,
054930,090040,1525910441.7245495,19550,19600,19700,19800,19850,19900,20400,20900,21000,21100,36,100,700,400,400,14,20,55,100,8,19100,19050,19000,18700,18600,18550,18400,18350,18300,18200,219,1588,463,215,1103,1020,51,20,224,181,5084,1833,1,
054930,090041,1525910442.791823,19550,19600,19700,19800,19850,19900,20400,20900,21000,21100,36,120,700,400,400,14,20,55,100,8,19100,19050,19000,18750,18700,18600,18550,18400,18350,18300,219,1588,463,20,215,1103,1020,51,20,224,4923,1853,1,
054930,090042,1525910443.3635373,19550,19600,19700,19800,19850,19900,20400,20900,21000,21100,36,120,700,400,400,14,20,55,100,8,19100,19050,19000,18750,18700,18600,18550,18400,18350,18300,219,1588,200,20,215,1103,1020,51,20,224,4660,1853,1,
054930,090044,1525910445.7476685,19550,19600,19700,19800,19850,19900,20400,20900,21000,21100,36,120,700,400,400,14,20,55,100,8,19100,19050,19000,18950,18750,18700,18600,18550,18400,18350,219,1588,200,20,20,215,1103,1020,51,20,4456,1853,1,
054930,090045,1525910446.2111819,19550,19600,19700,19800,19850,19900,20400,20900,21000,21100,36,120,700,400,400,14,20,55,100,8,19100,19050,19000,18950,18750,18700,18600,18550,18400,18350,219,1588,200,20,20,215,1103,1020,51,20,4456,1853,1,
054930,090046,1525910447.8640487,19500,19550,19600,19700,19800,19850,19900,20400,20900,21000,63,36,120,700,400,400,14,20,55,100,19100,19050,19000,18950,18750,18700,18600,18550,18400,18350,219,1588,200,20,20,215,1103,1020,51,20,4456,1908,1,
054930,090047,1525910448.5368366,19450,19500,19600,19700,19800,19850,19900,20400,20900,21000,36,63,120,700,400,400,14,20,55,100,19100,19050,19000,18950,18750,18700,18600,18550,18400,18350,219,1588,200,20,20,215,1103,1020,51,20,4456,1908,1,
054930,090048,1525910449.2225733,19450,19500,19600,19700,19800,19850,19900,20400,20900,21000,35,63,120,700,400,400,14,20,55,100,19100,19050,19000,18950,18750,18700,18600,18550,18400,18350,219,1588,200,20,20,215,1103,1020,51,20,4456,1907,1,
054930,090054,1525910455.6963043,19450,19500,19600,19700,19800,19850,19900,20400,20900,21000,35,63,320,700,200,400,14,20,55,100,19100,19050,19000,18950,18750,18700,18600,18550,18400,18350,219,1588,200,20,20,215,1103,1020,51,20,4456,1907,1,
054930,090105,1525910467.052895,19450,19500,19600,19700,19800,19850,19900,20400,20900,21000,35,63,320,700,200,400,14,20,55,100,19100,19050,19000,18950,18750,18700,18600,18550,18400,18350,223,1588,200,20,20,215,1103,1020,51,20,4460,1907,1,
054930,090107,1525910469.1562922,19450,19500,19600,19700,19800,19850,19900,20400,20900,21000,62,63,320,700,200,400,14,20,55,100,19100,19050,19000,18950,18750,18700,18600,18550,18400,18350,223,1588,200,20,20,215,1103,1020,51,20,4460,1934,1,
054930,090110,1525910472.1444447,19450,19500,19600,19700,19800,19850,19900,20400,20900,21000,75,63,320,700,200,400,14,20,55,100,19100,19050,19000,18950,18750,18700,18600,18550,18400,18350,223,1588,200,20,20,215,1103,1020,51,20,4460,1947,1,
054930,090113,1525910474.298275,19400,19450,19500,19600,19700,19800,19850,19900,20400,20900,10,75,63,320,700,200,400,14,20,55,19100,19050,19000,18950,18750,18700,18600,18550,18400,18350,223,1588,200,20,20,215,1103,1020,51,20,4460,1857,1,
054930,090113,1525910474.7527785,19400,19450,19500,19600,19700,19800,19850,19900,20400,20900,45,40,63,320,700,200,400,14,20,55,19100,19050,19000,18950,18750,18700,18600,18550,18400,18350,223,1588,200,20,20,215,1103,1020,51,20,4460,1857,1,
054930,090117,1525910479.1108866,19400,19450,19500,19600,19700,19800,19850,19900,20400,20900,45,40,63,320,700,200,400,14,20,55,19150,19100,19050,19000,18950,18750,18700,18600,18550,18400,106,223,1588,200,20,20,215,1103,1020,51,4546,1857,1,
054930,090124,1525910485.3006048,19400,19450,19500,19600,19700,19800,19850,19900,20400,20900,45,40,63,320,700,200,400,14,20,55,19150,19100,19050,19000,18950,18800,18750,18700,18600,18550,106,223,1588,200,20,6,20,215,1103,1020,4501,1857,1,
054930,090124,1525910485.7571468,19400,19450,19500,19600,19700,19800,19850,19900,20400,20900,44,40,63,320,700,200,400,14,20,55,19150,19100,19050,19000,18950,18800,18750,18700,18600,18550,106,223,1588,200,20,6,20,215,1103,1020,4501,1856,1,
054930,090125,1525910487.0492644,19400,19450,19500,19600,19700,19800,19850,19900,20400,20900,43,40,63,320,700,200,400,14,20,55,19150,19100,19050,19000,18950,18800,18750,18700,18600,18550,106,223,1588,200,20,6,20,215,1103,1020,4501,1855,1,
054930,090126,1525910487.8480487,19400,19450,19500,19600,19700,19800,19850,19900,20400,20900,42,40,63,320,700,200,400,14,20,55,19150,19100,19050,19000,18950,18800,18750,18700,18600,18550,106,223,1588,200,20,6,20,215,1103,1020,4501,1854,1,
054930,090127,1525910488.6940439,19350,19400,19450,19500,19600,19700,19800,19850,19900,20400,13,42,27,63,320,700,200,400,14,20,19150,19100,19050,19000,18950,18800,18750,18700,18600,18550,106,223,1588,200,20,6,20,215,1103,1020,4501,1799,1,
054930,090131,1525910492.431537,19350,19400,19450,19500,19600,19700,19800,19850,19900,20400,11,42,27,63,320,700,200,400,14,20,19150,19100,19050,19000,18950,18800,18750,18700,18600,18550,106,223,1588,200,20,6,20,215,1103,1020,4501,1797,1,
054930,090134,1525910495.638814,19350,19400,19450,19500,19600,19700,19800,19850,19900,20400,11,42,27,63,320,700,200,400,14,20,19150,19100,19050,19000,18950,18800,18750,18700,18600,18550,106,223,1588,200,20,6,20,215,1103,1020,4501,1797,1,
054930,090139,1525910500.7739043,19350,19400,19450,19500,19600,19700,19800,19850,19900,20400,31,42,27,63,320,700,200,400,14,20,19150,19100,19050,19000,18950,18800,18750,18700,18600,18550,106,723,1088,200,20,6,20,215,1103,1020,4501,1817,1,
054930,090140,1525910501.906227,19350,19400,19450,19500,19600,19700,19800,19850,19900,20400,31,42,27,63,320,700,200,400,14,20,19150,19100,19050,19000,18950,18800,18750,18700,18600,18550,406,723,1088,200,20,6,20,215,1103,1020,4801,1817,1,
054930,090145,1525910506.484931,19350,19400,19450,19500,19600,19700,19800,19850,19900,20400,31,42,27,63,320,700,200,400,14,20,19150,19100,19050,19000,18950,18800,18750,18700,18600,18550,300,723,1088,200,20,6,20,215,1103,1020,4695,1817,1,
054930,090152,1525910513.588402,19300,19350,19400,19450,19500,19600,19700,19800,19850,19900,100,31,42,27,63,320,700,200,400,14,19200,19150,19100,19050,19000,18950,18800,18750,18700,18600,10,300,723,1088,200,20,6,20,215,1103,3685,1897,1,
054930,090153,1525910514.155273,19300,19350,19400,19450,19500,19600,19700,19800,19850,19900,100,31,42,27,63,320,700,200,400,14,19200,19150,19100,19050,19000,18950,18800,18750,18700,18600,10,300,504,1088,200,20,6,20,215,1103,3466,1897,1,
054930,090155,1525910517.100075,19350,19400,19450,19500,19600,19700,19800,19850,19900,20400,31,42,27,63,320,700,200,400,14,20,19300,19200,19150,19100,19050,19000,18950,18800,18750,18700,100,10,300,504,1088,200,20,6,20,215,2463,1817,1,
054930,090159,1525910520.487439,19350,19400,19450,19500,19600,19700,19800,19850,19900,20400,31,42,181,63,320,700,200,400,14,20,19300,19200,19150,19100,19050,19000,18950,18800,18750,18700,90,10,300,504,1088,200,20,6,20,215,2453,1971,1,
054930,090159,1525910520.9507933,19350,19400,19450,19500,19600,19700,19800,19900,20400,20450,30,42,181,63,320,700,200,14,20,400,19300,19200,19150,19100,19050,19000,18950,18800,18750,18700,90,10,300,504,1088,200,20,6,20,215,2453,1970,1,
054930,090200,1525910521.460777,19350,19400,19450,19500,19600,19700,19800,19900,20400,20450,57,42,181,63,320,700,200,14,20,400,19300,19200,19150,19100,19050,19000,18950,18800,18750,18700,90,10,300,504,1088,200,20,6,20,215,2453,1997,1,
054930,090203,1525910524.4071414,19350,19400,19450,19500,19600,19700,19800,19900,20400,20450,37,42,181,63,320,700,200,14,20,400,19300,19200,19150,19100,19050,19000,18950,18800,18750,18700,70,10,300,504,1088,200,20,6,20,215,2433,1977,1,
054930,090203,1525910525.0839105,19350,19400,19450,19500,19600,19700,19800,19900,20400,20450,37,42,181,63,320,700,200,14,20,400,19200,19150,19100,19050,19000,18950,18800,18750,18700,18600,10,300,504,1088,200,20,6,20,215,1103,3466,1977,1,
054930,090206,1525910527.183525,19350,19400,19450,19500,19600,19700,19800,19900,20400,20450,36,42,181,63,320,700,200,14,20,400,19200,19150,19100,19050,19000,18950,18800,18750,18700,18600,10,300,504,1088,200,20,6,20,215,1103,3466,1976,1,
054930,090209,1525910530.5329623,19350,19400,19450,19500,19600,19700,19800,19900,20400,20450,36,42,181,63,320,700,200,14,20,400,19200,19150,19100,19050,19000,18950,18800,18750,18700,18600,10,300,504,1038,200,20,6,20,215,1103,3416,1976,1,
054930,090212,1525910533.4837005,19350,19400,19450,19500,19600,19700,19800,19900,20400,20450,36,42,181,93,320,700,200,14,20,400,19200,19150,19100,19050,19000,18950,18800,18750,18700,18600,10,300,504,1038,200,20,6,20,215,1103,3416,2006,1,
054930,090213,1525910535.047136,19350,19400,19450,19500,19600,19700,19800,19900,20400,20450,36,42,181,93,320,700,200,14,20,400,19200,19150,19100,19050,19000,18950,18800,18750,18700,18600,10,300,504,1038,200,20,6,20,215,1103,3416,2006,1,
054930,090219,1525910541.0495017,19350,19400,19450,19500,19600,19700,19800,19900,20400,20450,36,42,181,93,320,700,200,14,20,400,19200,19150,19100,19050,19000,18950,18800,18750,18700,18600,10,300,504,1038,200,20,6,20,215,1103,3416,2006,1,
054930,090221,1525910542.183604,19350,19400,19450,19500,19600,19700,19800,19900,20400,20450,36,42,181,93,320,700,200,14,20,400,19200,19150,19100,19050,19000,18950,18800,18750,18700,18600,10,500,504,1038,200,20,6,20,215,1103,3616,2006,1,
054930,090223,1525910544.5420325,19350,19400,19450,19500,19600,19700,19800,19900,20400,20450,36,42,181,93,320,700,200,14,20,400,19200,19150,19100,19050,19000,18950,18800,18750,18700,18600,10,500,504,1038,200,20,6,20,215,1103,3616,2006,1,
054930,090224,1525910545.299428,19350,19400,19450,19500,19600,19700,19800,19900,20400,20450,36,42,154,93,320,700,200,14,20,400,19200,19150,19100,19050,19000,18950,18800,18750,18700,18600,10,500,504,1038,200,20,6,20,215,1103,3616,1979,1,
054930,090224,1525910546.0240912,19350,19400,19450,19500,19600,19700,19800,19900,20400,20450,36,42,154,93,320,700,200,44,20,400,19200,19150,19100,19050,19000,18950,18800,18750,18700,18600,10,500,504,1038,200,20,6,20,215,1103,3616,2009,1,
054930,090227,1525910548.5090084,19300,19350,19400,19450,19500,19600,19700,19800,19900,20400,70,36,42,154,93,320,700,200,44,20,19200,19150,19100,19050,19000,18950,18800,18750,18700,18600,110,500,504,1038,200,20,6,20,215,1103,3716,1679,1,
054930,090232,1525910553.5334144,19300,19350,19400,19450,19500,19600,19700,19800,19900,20400,70,36,42,154,93,320,700,200,44,20,19200,19150,19100,19050,19000,18950,18800,18750,18700,18600,110,500,504,1038,200,20,6,20,215,1103,3716,1679,1,
054930,090233,1525910554.8819914,19300,19350,19400,19450,19500,19600,19700,19800,19900,20400,70,36,42,154,93,320,700,200,44,20,19200,19150,19100,19050,19000,18950,18800,18750,18700,18600,610,500,4,1038,200,20,6,20,215,1103,3716,1679,1,
054930,090237,1525910558.2259145,19300,19350,19400,19450,19500,19600,19700,19800,19900,20400,70,36,42,154,93,350,700,200,44,20,19200,19150,19100,19050,19000,18950,18800,18750,18700,18600,610,500,4,1038,200,20,6,20,215,1103,3716,1709,1,
054930,090238,1525910559.3772323,19300,19350,19400,19450,19500,19600,19700,19800,19900,20400,70,36,42,154,93,350,700,200,44,20,19250,19200,19150,19100,19050,19000,18950,18800,18750,18700,5,605,500,4,1038,200,20,6,20,215,2613,1709,1,
054930,090244,1525910565.682629,19350,19400,19450,19500,19600,19700,19800,19900,20400,20450,36,42,154,93,350,700,200,44,20,400,19300,19250,19200,19150,19100,19050,19000,18950,18800,18750,30,5,505,500,4,1038,200,20,6,20,2328,2039,1,
054930,090247,1525910568.916446,19350,19400,19450,19500,19600,19700,19800,19900,20400,20450,26,42,154,93,350,700,200,44,20,400,19300,19250,19200,19150,19100,19050,19000,18950,18800,18750,30,5,505,500,4,1038,200,20,6,20,2328,2029,1,
054930,090249,1525910570.3319566,19350,19400,19450,19500,19600,19700,19800,19900,20400,20450,26,42,154,123,350,700,200,44,20,400,19300,19250,19200,19150,19100,19050,19000,18950,18800,18750,30,5,505,500,4,1038,200,20,6,20,2328,2059,1,
054930,090249,1525910570.7242033,19350,19400,19450,19500,19600,19700,19800,19900,20400,20450,26,42,154,123,350,700,200,44,20,400,19300,19250,19200,19150,19100,19050,19000,18950,18800,18750,20,5,505,500,4,1038,200,20,6,20,2318,2059,1,
054930,090251,1525910572.2105918,19350,19400,19450,19500,19600,19700,19800,19900,20400,20450,26,42,154,123,350,700,200,44,20,400,19300,19250,19200,19150,19100,19050,19000,18950,18800,18750,20,5,505,500,4,1038,200,20,6,20,2318,2059,1,
054930,090258,1525910579.9190266,19350,19400,19450,19500,19600,19700,19800,19900,20400,20450,26,42,154,123,350,700,200,44,20,400,19300,19250,19200,19150,19100,19050,19000,18950,18800,18750,20,5,500,500,4,1038,200,20,6,20,2313,2059,1,
054930,090301,1525910582.681844,19350,19400,19450,19500,19600,19700,19800,19900,20400,20450,26,42,154,123,350,700,200,44,95,400,19300,19250,19200,19150,19100,19050,19000,18950,18800,18750,20,5,500,500,4,1038,200,20,6,20,2313,2134,1,
054930,090306,1525910588.0059912,19350,19400,19450,19500,19600,19700,19800,19900,20400,20450,25,42,154,123,350,700,200,44,95,400,19300,19250,19200,19150,19100,19050,19000,18950,18800,18750,20,5,500,500,4,1038,200,20,6,20,2313,2133,1,
054930,090319,1525910600.2653747,19350,19400,19450,19500,19600,19700,19800,19900,20400,20450,25,42,154,123,350,700,200,44,95,450,19300,19250,19200,19150,19100,19050,19000,18950,18800,18750,20,5,500,500,4,1038,200,20,6,20,2313,2183,1,
054930,090319,1525910600.8453765,19350,19400,19450,19500,19600,19700,19800,19900,20400,20450,25,42,154,123,350,700,200,44,95,450,19300,19250,19200,19150,19100,19050,19000,18950,18800,18750,20,5,500,500,4,1038,200,20,6,20,2313,2183,1,
054930,090321,1525910602.548236,19350,19400,19450,19500,19600,19700,19800,19900,20400,20450,15,42,154,123,350,700,200,44,95,450,19300,19250,19200,19150,19100,19050,19000,18950,18800,18750,20,5,500,500,4,1038,200,20,6,20,2313,2173,1,
054930,090323,1525910604.1837249,19350,19400,19450,19500,19600,19700,19800,19900,20400,20450,15,42,154,123,350,700,200,44,95,450,19300,19250,19200,19150,19100,19050,19000,18950,18800,18750,20,5,500,300,4,1038,200,20,6,20,2113,2173,1,
054930,090324,1525910605.2056324,19350,19400,19450,19500,19600,19700,19800,19900,20400,20450,15,42,154,123,350,700,200,44,95,450,19300,19250,19200,19150,19100,19050,19000,18950,18800,18750,21,5,500,300,4,1038,200,20,6,20,2114,2173,1,
054930,090328,1525910610.072715,19350,19400,19450,19500,19600,19700,19800,19900,20400,20450,65,42,154,123,350,700,200,44,95,450,19300,19250,19200,19150,19100,19050,19000,18950,18800,18750,21,5,500,300,4,1038,200,20,6,20,2114,2223,1,
054930,090331,1525910612.6057088,19350,19400,19450,19500,19600,19700,19800,19900,20400,20450,15,42,154,123,350,700,200,44,95,450,19300,19250,19200,19150,19100,19050,19000,18950,18800,18750,21,5,500,300,4,1038,200,20,6,20,2114,2173,1,
054930,090331,1525910613.0491076,19350,19400,19450,19500,19600,19700,19800,19900,20400,20450,15,42,154,123,350,700,200,124,95,450,19300,19250,19200,19150,19100,19050,19000,18950,18800,18750,21,5,500,300,4,1038,200,20,6,20,2114,2253,1,
054930,090340,1525910621.3757186,19350,19400,19450,19500,19600,19700,19800,19900,20400,20450,44,42,154,123,350,700,200,124,95,450,19300,19250,19200,19150,19100,19050,19000,18950,18800,18750,21,5,500,300,4,1038,200,20,6,20,2114,2282,1,
054930,090342,1525910623.7257414,19350,19400,19450,19500,19600,19700,19800,19900,20400,20450,44,42,154,60,350,700,200,124,95,450,19200,19150,19100,19050,19000,18950,18800,18750,18700,18600,463,300,4,1038,200,20,6,20,215,1003,3269,2219,1,
054930,090346,1525910628.0949674,19300,19350,19400,19450,19500,19600,19700,19800,19900,20400,7,44,42,154,60,350,700,200,124,95,19200,19150,19100,19050,19000,18950,18800,18750,18700,18600,463,300,4,1038,200,20,6,20,215,1003,3269,1776,1,
054930,090348,1525910629.212472,19300,19350,19400,19450,19500,19600,19700,19800,19900,20400,7,44,42,154,60,350,700,200,124,95,19200,19150,19100,19050,19000,18950,18800,18750,18700,18600,468,300,4,1038,200,20,6,20,215,1003,3274,1776,1,
054930,090348,1525910629.6644347,19300,19350,19400,19450,19500,19600,19700,19800,19900,20400,7,44,42,154,60,350,700,200,124,95,19200,19150,19100,19050,19000,18950,18800,18750,18700,18600,83,300,4,1038,200,20,6,20,215,1003,2889,1776,1,
054930,090353,1525910635.0990772,19300,19350,19400,19450,19500,19600,19700,19800,19900,20400,7,44,42,154,60,350,700,200,124,95,19200,19150,19100,19050,19000,18950,18800,18750,18700,18600,83,300,4,1038,200,20,6,20,215,1003,2889,1776,1,
054930,090357,1525910638.6022162,19300,19350,19400,19450,19500,19600,19700,19800,19900,20400,7,44,42,154,60,350,700,200,124,95,19200,19100,19050,19000,18950,18800,18750,18700,18600,18550,83,4,1038,200,20,6,20,215,1003,2220,4809,1776,1,
054930,090358,1525910640.131034,19350,19400,19450,19500,19600,19700,19800,19900,20400,20450,44,42,154,60,350,700,200,124,95,450,19200,19100,19050,19000,18950,18800,18750,18700,18600,18550,83,4,1038,200,20,6,20,215,1003,2220,4809,2219,1,
054930,090359,1525910641.0326767,19350,19400,19450,19500,19600,19700,19800,19900,20400,20450,15,42,154,60,350,700,200,124,95,450,19200,19100,19050,19000,18950,18800,18750,18700,18600,18550,54,4,1038,200,20,6,20,215,1003,2220,4780,2190,1,
054930,090404,1525910645.3072248,19350,19400,19450,19500,19600,19700,19800,19900,20400,20450,15,42,154,60,350,700,200,124,95,450,19200,19100,19050,19000,18950,18800,18750,18700,18600,18550,47,4,1038,200,20,6,20,215,1003,2220,4773,2190,1,
054930,090404,1525910645.8052235,19350,19400,19450,19500,19600,19700,19800,19900,20400,20450,15,42,154,60,350,700,200,124,95,450,19200,19100,19050,19000,18950,18800,18750,18700,18600,18550,47,4,1038,200,20,6,20,215,1003,2220,4773,2190,1,
054930,090406,1525910647.5247953,19350,19400,19450,19500,19600,19700,19800,19900,20400,20450,15,42,154,60,350,700,200,124,95,450,19200,19100,19050,19000,18950,18800,18750,18700,18650,18600,47,4,1038,200,20,6,20,215,9,1003,2562,2190,1,
054930,090417,1525910659.0068667,19350,19400,19450,19500,19600,19700,19800,19900,20400,20450,15,42,154,60,350,700,200,124,95,450,19200,19100,19050,19000,18950,18800,18750,18700,18650,18600,37,4,1038,200,20,6,20,215,9,1003,2552,2190,1,
054930,090419,1525910660.38274,19350,19400,19450,19500,19600,19700,19800,19900,20400,20450,15,42,154,60,350,700,200,124,95,450,19200,19100,19050,19000,18950,18800,18750,18700,18650,18600,27,5,1038,200,20,6,20,215,9,1003,2543,2190,1,
054930,090419,1525910661.0463238,19350,19400,19450,19500,19600,19700,19800,19900,20400,20450,15,42,154,60,350,700,200,124,95,450,19200,19100,19050,19000,18950,18800,18750,18700,18650,18600,17,5,1038,200,20,6,20,215,9,1003,2533,2190,1,
054930,090420,1525910661.9078948,19350,19400,19450,19500,19600,19700,19800,19900,20400,20450,15,42,154,60,350,700,200,124,95,450,19200,19100,19050,19000,18950,18800,18750,18700,18650,18600,7,5,1038,200,20,6,20,215,9,1003,2523,2190,1,
054930,090425,1525910666.8802724,19350,19400,19450,19500,19600,19700,19800,19900,20400,20450,15,42,154,60,350,700,200,124,95,450,19200,19100,19050,19000,18950,18800,18750,18700,18650,18600,79,5,1038,200,20,6,20,215,9,1003,2595,2190,1,
054930,090427,1525910668.8753834,19350,19400,19450,19500,19600,19700,19800,19900,20400,20450,15,42,161,60,350,700,200,124,95,450,19200,19100,19050,19000,18950,18800,18750,18700,18650,18600,79,5,1038,200,20,6,20,215,9,1003,2595,2197,1,
054930,090437,1525910678.658763,19350,19400,19450,19500,19600,19700,19800,19900,20000,20400,15,42,161,60,350,700,200,124,11,95,19200,19100,19050,19000,18950,18800,18750,18700,18650,18600,79,5,1038,200,20,6,20,215,9,1003,2595,1758,1,
054930,090454,1525910695.228436,19350,19400,19450,19500,19600,19700,19800,19900,20000,20400,15,42,161,60,350,700,200,124,11,95,19200,19100,19050,19000,18950,18800,18750,18700,18650,18600,79,5,1039,200,20,6,20,215,9,1003,2596,1758,1,
054930,090502,1525910703.4361866,19200,19350,19400,19450,19500,19600,19700,19900,20000,20400,121,15,42,161,60,350,700,124,11,95,19100,19050,19000,18950,18800,18750,18700,18650,18600,18550,5,1039,200,20,6,20,215,9,1003,2220,4737,1679,1,
054930,090525,1525910726.3198225,19200,19350,19400,19450,19500,19600,19700,19900,20000,20400,121,15,42,161,60,350,700,124,11,95,19100,19050,19000,18950,18800,18750,18700,18650,18600,18550,5,1039,201,20,6,20,215,9,1003,2220,4738,1679,1,
054930,090535,1525910736.7865756,19350,19400,19450,19500,19600,19700,19900,20000,20400,20450,15,42,161,60,350,700,124,11,95,450,19200,19100,19050,19000,18950,18800,18750,18700,18650,18600,679,5,1039,201,20,6,20,215,9,1003,3197,2008,1,
054930,090546,1525910748.1309104,19350,19400,19450,19500,19600,19700,19900,20000,20400,20450,15,42,161,60,350,700,124,11,95,450,19200,19100,19050,19000,18950,18800,18750,18700,18650,18600,686,5,1039,201,20,6,20,215,9,1003,3204,2008,1,
054930,090547,1525910748.4743834,19400,19450,19500,19600,19700,19900,20000,20400,20450,20900,42,161,60,350,700,124,11,95,450,55,19200,19100,19050,19000,18950,18800,18750,18700,18650,18600,686,5,1039,201,20,6,20,215,9,1003,3204,2048,1,
054930,090552,1525910753.9181728,19400,19450,19500,19600,19700,19900,20000,20400,20450,20900,42,161,60,350,700,1125,11,95,450,55,19200,19100,19050,19000,18950,18800,18750,18700,18650,18600,686,5,1039,201,20,6,20,215,9,1003,3204,3049,1,
054930,090553,1525910754.5250623,19450,19500,19600,19700,19900,20000,20400,20450,20900,20950,161,60,350,700,1125,11,95,450,55,96,19200,19100,19050,19000,18950,18800,18750,18700,18650,18600,686,5,1039,201,20,6,20,215,9,1003,3204,3103,1,
054930,090557,1525910758.5419405,19450,19500,19600,19700,19900,20000,20400,20450,20900,20950,161,60,350,700,1125,11,95,450,55,96,19200,19100,19050,19000,18950,18800,18750,18700,18650,18600,686,5,1039,201,20,6,20,215,9,1003,3204,3103,1,
054930,090612,1525910773.6997008,19450,19500,19600,19700,19900,20000,20400,20450,20900,20950,161,60,350,700,1125,11,95,450,55,96,19400,19200,19100,19050,19000,18950,18800,18750,18700,18650,4,686,5,1039,201,20,6,20,215,9,2205,3103,1,
054930,090612,1525910774.1411636,19500,19600,19700,19900,20000,20400,20450,20900,20950,21000,60,350,700,1125,11,95,450,55,96,100,19400,19200,19100,19050,19000,18950,18800,18750,18700,18650,4,686,5,1039,201,20,6,20,215,9,2205,3042,1,
054930,090613,1525910774.503012,19500,19600,19700,19900,20000,20400,20450,20900,20950,21000,60,350,700,1125,11,95,450,55,96,100,19400,19250,19200,19100,19050,19000,18950,18800,18750,18700,4,24,686,5,1039,201,20,6,20,215,2220,3042,1,
054930,090616,1525910777.327731,19400,19500,19600,19700,19900,20000,20400,20450,20900,20950,196,60,150,700,1125,11,95,450,55,96,19250,19200,19100,19050,19000,18950,18800,18750,18700,18650,24,686,5,1039,201,20,6,20,215,9,2225,2938,1,
054930,090616,1525910777.722073,19400,19500,19600,19700,19900,20000,20400,20450,20900,20950,181,60,150,700,1125,11,95,450,55,96,19200,19100,19050,19000,18950,18800,18750,18700,18650,18600,686,5,1039,201,20,6,20,215,9,1003,3204,2923,1,
054930,090619,1525910780.1631444,19400,19500,19600,19700,19900,20000,20400,20450,20900,20950,181,70,150,700,1125,11,95,450,55,96,19200,19100,19050,19000,18950,18800,18750,18700,18650,18600,686,5,1039,201,20,6,20,215,9,1003,3204,2933,1,
054930,090622,1525910783.310404,19400,19500,19600,19700,19900,20000,20400,20450,20900,20950,181,70,150,700,1125,11,96,450,55,96,19200,19100,19050,19000,18950,18800,18750,18700,18650,18600,686,5,1039,201,20,6,20,215,9,1003,3204,2934,1,
054930,090622,1525910783.7069468,19400,19500,19600,19700,19900,20000,20400,20450,20900,20950,10,70,150,700,1125,11,96,450,55,96,19200,19100,19050,19000,18950,18800,18750,18700,18650,18600,686,5,1039,201,20,6,20,215,9,1003,3204,2763,1,
054930,090625,1525910786.2664416,19400,19500,19600,19700,19900,20000,20400,20450,20900,20950,10,70,160,700,1125,11,96,450,55,96,19200,19100,19050,19000,18950,18800,18750,18700,18650,18600,686,5,1039,201,20,6,20,215,9,1003,3204,2773,1,
054930,090627,1525910788.3560832,19500,19600,19700,19900,20000,20400,20450,20900,20950,21000,70,160,700,1125,11,96,450,55,96,100,19200,19100,19050,19000,18950,18800,18750,18700,18650,18600,686,5,1039,201,20,6,20,215,9,1003,3204,2863,1,
054930,090627,1525910788.8067763,19500,19600,19700,19900,20000,20400,20450,20900,20950,21000,70,160,710,1125,11,96,450,55,96,100,19200,19100,19050,19000,18950,18800,18750,18700,18650,18600,686,5,1039,201,20,6,20,215,9,1003,3204,2873,1,
054930,090630,1525910791.6408129,19400,19500,19600,19700,19900,20000,20400,20450,20900,20950,30,70,160,710,1125,11,96,450,55,96,19200,19100,19050,19000,18950,18800,18750,18700,18650,18600,686,5,1039,201,20,6,20,215,9,1003,3204,2803,1,
054930,090646,1525910807.4539275,19400,19500,19600,19650,19700,19900,20000,20400,20450,20900,30,70,160,21,710,1125,11,96,450,55,19200,19100,19050,19000,18950,18800,18750,18700,18650,18600,686,5,1039,201,20,6,20,215,9,1003,3204,2728,1,
054930,090647,1525910808.3998148,19400,19500,19600,19650,19700,19900,20400,20450,20900,20950,30,70,160,21,710,1125,96,450,55,96,19200,19100,19050,19000,18950,18800,18750,18700,18650,18600,686,5,1039,201,20,6,20,215,9,1003,3204,2813,1,
054930,090647,1525910808.736839,19350,19400,19500,19600,19650,19700,19900,20400,20450,20900,10,30,70,160,21,710,1125,96,450,55,19200,19100,19050,19000,18950,18800,18750,18700,18650,18600,686,5,1039,201,20,6,20,215,9,1003,3204,2727,1,
054930,090647,1525910809.005755,19400,19500,19600,19650,19700,19900,20400,20450,20900,20950,30,70,160,21,710,1125,96,450,55,96,19200,19100,19050,19000,18950,18800,18750,18700,18650,18600,686,5,1039,201,20,6,20,215,9,1003,3204,2813,1,
054930,090652,1525910813.204626,19400,19500,19600,19650,19700,19900,20400,20450,20900,20950,40,70,160,21,710,1125,96,450,55,96,19200,19100,19050,19000,18950,18800,18750,18700,18650,18600,686,5,1039,201,20,6,20,215,9,1003,3204,2823,1,
054930,090652,1525910813.545237,19500,19600,19650,19700,19900,20400,20450,20900,20950,21000,70,160,21,710,1125,96,450,55,96,111,19200,19100,19050,19000,18950,18800,18750,18700,18650,18600,686,5,1039,201,20,6,20,215,9,1003,3204,2894,1,
054930,090702,1525910823.781023,19500,19600,19650,19700,19900,20400,20450,20900,20950,21000,70,160,21,710,1125,96,450,55,96,111,19200,19100,19050,19000,18950,18800,18750,18700,18650,18600,686,5,1039,201,20,6,20,215,9,1003,3204,2894,1,
054930,090703,1525910824.4872465,19500,19600,19650,19700,19900,20400,20450,20900,20950,21000,17,160,21,710,1125,96,450,55,96,111,19200,19100,19050,19000,18950,18800,18750,18700,18650,18600,686,5,1039,201,20,6,20,215,9,1003,3204,2841,1,
054930,090703,1525910824.8456373,19500,19600,19650,19700,19900,20400,20450,20900,20950,21000,17,160,21,710,1125,96,450,55,96,111,19250,19200,19100,19050,19000,18950,18800,18750,18700,18650,48,686,5,1039,201,20,6,20,215,9,2249,2841,1,
054930,090704,1525910825.2374833,19500,19600,19650,19700,19900,20400,20450,20900,20950,21000,17,160,21,710,1125,96,450,55,96,111,19250,19200,19100,19050,19000,18950,18800,18750,18700,18650,72,686,5,1039,201,20,6,20,215,9,2273,2841,1,
054930,090705,1525910826.706128,19500,19600,19650,19700,19900,20400,20450,20900,20950,21000,17,160,21,710,1125,96,450,55,96,111,19250,19200,19100,19050,19000,18950,18800,18750,18700,18650,72,686,5,1039,201,20,6,20,215,9,2273,2841,1,
054930,090708,1525910829.5969021,19500,19600,19650,19700,19900,20400,20450,20900,20950,21000,83,160,21,710,1125,96,450,55,96,111,19250,19200,19100,19050,19000,18950,18800,18750,18700,18650,72,686,5,1539,201,20,6,20,215,9,2773,2907,1,
054930,090718,1525910839.443053,19500,19600,19650,19700,19900,20400,20450,20900,20950,21000,83,160,21,710,1125,96,450,55,96,111,19250,19200,19100,19050,19000,18950,18800,18750,18700,18650,74,686,5,1539,201,20,6,20,215,9,2775,2907,1,
054930,090718,1525910839.7217557,19600,19650,19700,19900,20400,20450,20900,20950,21000,21100,160,21,710,1125,96,450,55,96,111,8,19250,19200,19100,19050,19000,18950,18800,18750,18700,18650,74,686,5,1539,200,20,6,20,215,9,2774,2832,1,
054930,090725,1525910846.7393217,19600,19650,19700,19900,20400,20450,20900,20950,21000,21100,160,21,710,1125,96,450,55,96,111,8,19250,19200,19100,19050,19000,18950,18800,18750,18700,18650,74,686,5,1539,200,20,6,20,215,9,2774,2832,1,
054930,090727,1525910848.1881263,19650,19700,19900,20400,20450,20900,20950,21000,21100,21200,21,710,1125,96,450,55,96,111,8,600,19600,19250,19200,19100,19050,19000,18950,18800,18750,18700,40,74,686,5,1539,200,20,6,20,215,2805,3272,1,
054930,090727,1525910848.5893507,19700,19900,20400,20450,20900,20950,21000,21100,21200,21300,710,1125,96,450,55,96,111,8,600,580,19600,19250,19200,19100,19050,19000,18950,18800,18750,18700,40,74,686,5,1539,200,20,6,20,215,2805,3831,1,
054930,090729,1525910850.8210657,19700,19800,19900,20400,20450,20900,20950,21000,21100,21200,710,20,1125,96,450,55,96,111,8,600,19600,19250,19200,19100,19050,19000,18950,18800,18750,18700,40,74,686,5,1539,200,20,6,20,215,2805,3271,1,
054930,090729,1525910851.125167,19700,19800,19900,20400,20450,20900,20950,21000,21100,21200,637,20,1125,96,450,55,96,111,8,600,19600,19250,19200,19100,19050,19000,18950,18800,18750,18700,40,74,686,5,1539,200,20,6,20,215,2805,3198,1,
054930,090730,1525910851.9047515,19700,19800,19900,20400,20450,20900,20950,21000,21100,21200,637,20,1135,96,450,55,96,111,8,600,19600,19250,19200,19100,19050,19000,18950,18800,18750,18700,40,74,686,5,1539,200,20,6,20,215,2805,3208,1,
054930,090731,1525910852.6414819,19700,19800,19900,20400,20450,20900,20950,21000,21100,21200,637,20,1135,96,450,55,96,111,8,600,19600,19250,19200,19100,19050,19000,18950,18800,18750,18700,1,74,686,5,1539,200,20,6,20,215,2766,3208,1,
054930,090731,1525910852.970814,19700,19800,19900,20400,20450,20900,20950,21000,21100,21200,637,20,1135,96,450,55,96,111,8,600,19600,19300,19250,19200,19100,19050,19000,18950,18800,18750,1,51,74,686,5,1539,200,20,6,20,2602,3208,1,
054930,090732,1525910853.953897,19700,19800,19900,20400,20450,20900,20950,21000,21100,21200,637,20,1135,96,450,55,96,111,8,600,19600,19300,19250,19200,19100,19050,19000,18950,18800,18750,1,51,74,686,25,1539,200,20,6,20,2622,3208,1,
054930,090733,1525910854.9047606,19650,19700,19800,19900,20400,20450,20900,20950,21000,21100,66,637,20,1135,96,450,55,96,111,8,19600,19300,19250,19200,19100,19050,19000,18950,18800,18750,1,51,74,686,25,1539,200,20,6,20,2622,2674,1,
054930,090734,1525910855.3089316,19650,19700,19800,19900,20400,20450,20900,20950,21000,21100,66,637,20,1135,96,460,55,96,111,8,19600,19300,19250,19200,19100,19050,19000,18950,18800,18750,1,51,74,686,25,1539,200,20,6,20,2622,2684,1,
054930,090737,1525910858.8735282,19650,19700,19800,19900,20000,20400,20450,20900,20950,21000,66,637,20,1135,3,96,460,55,96,111,19600,19300,19250,19200,19100,19050,19000,18950,18800,18750,1,51,74,686,25,1539,200,20,6,20,2622,2679,1,
054930,090739,1525910860.8426366,19650,19700,19800,19900,20000,20400,20450,20900,20950,21000,366,637,20,1135,3,96,460,55,96,111,19600,19300,19250,19200,19100,19050,19000,18950,18800,18750,1,51,74,686,25,1540,200,20,6,20,2623,2979,1,
054930,090740,1525910861.2937908,19650,19700,19800,19900,20000,20400,20450,20900,20950,21000,366,637,20,1135,3,96,460,55,96,111,19600,19300,19250,19200,19100,19050,19000,18950,18800,18750,1,51,74,686,25,1539,200,20,6,20,2622,2979,1,
054930,090740,1525910861.7403936,19650,19700,19800,19900,20000,20400,20450,20900,20950,21000,376,637,20,1135,3,96,460,55,96,111,19600,19300,19250,19200,19100,19050,19000,18950,18800,18750,1,51,74,686,25,1539,200,20,6,20,2622,2989,1,
054930,090741,1525910862.1422195,19650,19700,19800,19900,20000,20400,20450,20900,20950,21000,376,637,20,1135,3,96,460,55,96,111,19600,19300,19250,19200,19100,19050,19000,18950,18800,18750,41,51,74,686,25,1539,200,20,6,20,2662,2989,1,
054930,090743,1525910864.3867273,19650,19700,19800,19900,20000,20400,20450,20900,20950,21000,376,637,20,1135,3,96,460,55,96,111,19600,19300,19250,19200,19100,19050,19000,18950,18800,18750,41,51,72,679,24,1539,200,20,6,20,2652,2989,1,
054930,090743,1525910864.8585796,19650,19700,19800,19900,20000,20400,20450,20900,20950,21000,376,637,20,1135,3,96,460,55,96,111,19600,19300,19250,19200,19100,19050,19000,18950,18800,18750,11,51,72,679,24,1539,200,20,6,20,2622,2989,1,
054930,090744,1525910865.771062,19650,19700,19800,19900,20000,20400,20450,20900,20950,21000,376,637,20,1135,3,96,460,55,96,111,19600,19300,19250,19200,19100,19050,19000,18950,18800,18750,10,51,72,679,24,1539,200,20,6,20,2621,2989,1,
054930,090746,1525910868.0702584,19650,19700,19800,19900,20000,20400,20450,20900,20950,21000,376,637,20,1135,3,96,460,55,96,111,19300,19250,19200,19100,19050,19000,18950,18800,18750,18700,51,72,679,24,1539,200,20,6,20,215,2826,2989,1,
054930,090747,1525910868.3469336,19650,19700,19800,19900,20000,20400,20450,20900,20950,21000,376,637,20,1135,3,96,460,55,96,111,19600,19300,19250,19200,19100,19050,19000,18950,18800,18750,1000,51,72,679,24,1539,200,20,6,20,3611,2989,1,
054930,090747,1525910868.6388874,19650,19700,19800,19900,20000,20400,20450,20900,20950,21000,376,637,20,1135,3,96,460,55,96,111,19200,19100,19050,19000,18950,18800,18750,18700,18650,18600,679,24,1539,200,20,6,20,215,9,1053,3765,2989,1,
054930,090747,1525910868.9769828,19650,19700,19800,19900,20000,20400,20450,20900,20950,21000,376,637,20,1135,3,96,460,55,96,111,19250,19200,19100,19050,19000,18950,18800,18750,18700,18650,112,679,24,1539,200,20,6,20,215,9,2824,2989,1,
054930,090748,1525910869.2561576,19650,19700,19800,19900,20000,20400,20450,20900,20950,21000,376,637,20,1135,3,96,460,55,96,111,19250,19200,19100,19050,19000,18950,18800,18750,18700,18650,136,679,24,1539,200,20,6,20,215,9,2848,2989,1,
054930,090749,1525910870.6784494,19650,19700,19800,19900,20000,20400,20450,20900,20950,21000,376,637,20,1135,3,96,460,55,96,111,19250,19200,19100,19050,19000,18950,18800,18750,18700,18650,141,679,24,1539,200,20,6,20,215,9,2853,2989,1,
054930,090753,1525910874.7535233,19600,19650,19700,19800,19900,20000,20400,20450,20900,20950,10,376,637,20,1135,3,96,460,55,96,19250,19200,19100,19050,19000,18950,18800,18750,18700,18650,141,679,24,1539,200,20,6,20,215,9,2853,2888,1,
054930,090756,1525910877.4035044,19600,19650,19700,19800,19900,20000,20400,20450,20900,20950,10,376,637,20,1135,3,96,460,55,96,19300,19250,19200,19100,19050,19000,18950,18800,18750,18700,36,141,679,24,1539,200,20,6,20,215,2880,2888,1,
054930,090758,1525910879.890594,19600,19650,19700,19800,19900,20000,20400,20450,20900,20950,627,376,637,20,1135,3,96,460,55,96,19300,19250,19200,19100,19050,19000,18950,18800,18750,18700,36,141,679,24,1539,200,20,6,20,215,2880,3505,1,
054930,090801,1525910883.0886505,19600,19650,19700,19800,19900,20000,20400,20450,20900,20950,627,376,637,20,1135,3,96,460,55,96,19300,19250,19200,19100,19050,19000,18950,18800,18750,18700,44,141,679,24,1539,200,20,6,20,215,2888,3505,1,
054930,090802,1525910883.874084,19650,19700,19800,19900,20000,20400,20450,20900,20950,21000,3,637,20,1135,3,96,460,55,96,111,19300,19250,19200,19100,19050,19000,18950,18800,18750,18700,44,141,679,24,1539,200,20,6,20,215,2888,2616,1,
054930,090805,1525910886.4680297,19650,19700,19800,19900,20000,20400,20450,20900,20950,21000,3,637,20,1135,3,96,460,55,96,111,19600,19300,19250,19200,19100,19050,19000,18950,18800,18750,255,44,141,679,24,1539,200,20,6,20,2928,2616,1,
054930,090805,1525910886.8566582,19700,19800,19900,20000,20400,20450,20900,20950,21000,21100,637,20,1135,3,96,460,55,96,111,8,19600,19300,19250,19200,19100,19050,19000,18950,18800,18750,255,44,136,679,24,1539,200,20,6,20,2923,2621,1,
054930,090806,1525910888.0450597,19650,19700,19800,19900,20000,20400,20450,20900,20950,21000,6,637,20,1135,3,96,460,55,96,111,19600,19300,19250,19200,19100,19050,19000,18950,18800,18750,255,44,136,679,24,1539,200,20,6,20,2923,2619,1,
054930,090808,1525910889.5568156,19650,19700,19800,19900,20000,20400,20450,20900,20950,21000,3,637,20,1135,3,96,460,55,96,111,19600,19300,19250,19200,19100,19050,19000,18950,18800,18750,255,44,136,679,24,1539,200,20,6,20,2923,2616,1,
054930,090810,1525910891.6404235,19700,19800,19900,20000,20400,20450,20900,20950,21000,21100,385,20,1135,3,96,460,55,96,111,8,19300,19250,19200,19100,19050,19000,18950,18800,18750,18700,44,136,679,24,1539,200,20,6,20,215,2883,2369,1,
054930,090810,1525910891.9718504,19700,19800,19900,20000,20400,20450,20900,20950,21000,21100,385,20,1135,3,96,460,55,96,111,8,19300,19250,19200,19100,19050,19000,18950,18800,18750,18700,44,136,679,170,1539,200,20,6,20,215,3029,2369,1,
054930,090812,1525910894.0068066,19800,19900,20000,20400,20450,20900,20950,21000,21100,21200,20,1135,3,96,460,55,96,111,8,600,19700,19300,19250,19200,19100,19050,19000,18950,18800,18750,115,44,136,679,170,1539,200,20,6,20,2929,2584,1,
054930,090813,1525910894.3861682,19800,19900,20000,20400,20450,20900,20950,21000,21100,21200,20,1135,3,96,460,55,96,111,8,600,19700,19300,19250,19200,19100,19050,19000,18950,18800,18750,115,44,136,679,24,1539,200,20,6,20,2783,2584,1,
054930,090813,1525910894.7940938,19800,19900,20000,20400,20450,20900,20950,21000,21100,21200,20,1135,3,96,460,55,96,111,8,600,19700,19350,19300,19250,19200,19100,19050,19000,18950,18800,115,12,44,136,679,24,1539,200,20,6,2775,2584,1,
054930,090815,1525910897.085833,19800,19900,20000,20400,20450,20900,20950,21000,21100,21200,320,1135,3,96,460,55,96,111,8,600,19700,19350,19300,19250,19200,19100,19050,19000,18950,18800,115,12,44,136,679,24,1539,200,20,6,2775,2884,1,
054930,090817,1525910898.4426022,19800,19900,20000,20400,20450,20900,20950,21000,21100,21200,320,1135,3,96,460,55,96,111,8,600,19700,19350,19300,19250,19200,19100,19050,19000,18950,18800,115,62,44,136,679,24,1539,200,20,6,2825,2884,1,
054930,090818,1525910899.7856417,19800,19900,20000,20400,20450,20900,20950,21000,21100,21200,320,1135,3,96,460,55,96,111,8,600,19700,19350,19300,19250,19200,19100,19050,19000,18950,18800,115,62,36,136,679,24,1539,200,20,6,2817,2884,1,
054930,090820,1525910902.0370932,19800,19900,20000,20400,20450,20900,20950,21000,21100,21200,320,1135,3,96,460,55,96,111,8,600,19700,19350,19300,19250,19200,19100,19050,19000,18950,18800,95,62,36,136,679,24,1539,200,20,6,2797,2884,1,
054930,090826,1525910907.9544594,19800,19900,20000,20400,20450,20900,20950,21000,21100,21200,320,1135,3,96,460,55,96,111,8,600,19700,19350,19300,19250,19200,19100,19050,19000,18950,18800,99,62,36,136,679,24,1539,200,20,6,2801,2884,1,
054930,090828,1525910909.3569064,19800,19900,20000,20400,20450,20900,20950,21000,21100,21200,420,1135,3,96,460,55,96,111,8,600,19700,19350,19300,19250,19200,19100,19050,19000,18950,18800,99,62,36,136,679,24,1539,200,20,6,2801,2984,1,
054930,090828,1525910910.141507,19800,19900,20000,20400,20450,20900,20950,21000,21100,21200,420,1135,3,96,460,55,96,111,8,600,19700,19400,19350,19300,19250,19200,19100,19050,19000,18950,99,300,62,36,136,679,24,1539,200,20,3095,2984,1,
054930,090829,1525910910.5393686,19800,19900,20000,20400,20450,20900,20950,21000,21100,21200,420,1135,13,96,460,55,96,111,8,600,19700,19450,19400,19350,19300,19250,19200,19100,19050,19000,99,126,300,62,36,136,679,24,1539,200,3201,2994,1,
054930,090829,1525910911.0138917,19800,19900,20000,20400,20450,20900,20950,21000,21100,21200,420,1135,13,96,460,55,96,111,8,600,19700,19450,19400,19350,19300,19250,19200,19100,19050,19000,99,126,300,62,36,112,679,24,1539,200,3177,2994,1,
054930,090830,1525910911.405349,19800,19900,20000,20400,20450,20900,20950,21000,21100,21200,420,1135,13,96,460,55,96,111,8,600,19700,19450,19400,19350,19300,19250,19200,19100,19050,19000,99,126,300,62,36,61,679,24,1539,200,3126,2994,1,
054930,090832,1525910913.451764,19800,19900,20000,20400,20450,20900,20950,21000,21100,21200,420,1135,13,96,460,55,96,111,8,600,19700,19450,19400,19350,19300,19250,19200,19100,19050,19000,79,126,300,62,36,61,679,24,1539,200,3106,2994,1,
054930,090833,1525910914.518795,19800,19900,20000,20400,20450,20900,20950,21000,21100,21200,420,1135,13,396,460,55,96,111,8,600,19700,19450,19400,19350,19300,19250,19200,19100,19050,19000,79,126,300,62,36,61,679,24,1539,200,3106,3294,1,
054930,090834,1525910915.197619,19750,19800,19900,20000,20400,20450,20900,20950,21000,21100,5,420,1135,13,396,460,55,96,111,8,19700,19450,19400,19350,19300,19250,19200,19100,19050,19000,79,126,300,62,36,61,679,24,1539,200,3106,2699,1,
054930,090834,1525910915.5335307,19750,19800,19900,20000,20400,20450,20900,20950,21000,21100,5,420,1135,13,396,460,55,96,111,8,19700,19450,19350,19300,19250,19200,19100,19050,19000,18950,79,126,62,36,61,679,24,1539,200,20,2826,2699,1,
054930,090834,1525910915.9373686,19750,19800,19900,20000,20400,20450,20900,20950,21000,21100,5,420,1135,13,396,460,55,96,111,8,19450,19350,19300,19250,19200,19100,19050,19000,18950,18800,126,62,36,61,679,24,1539,200,20,6,2753,2699,1,
054930,090835,1525910916.6075091,19750,19800,19900,20000,20400,20450,20900,20950,21000,21100,5,420,1135,13,396,460,55,96,111,8,19500,19450,19350,19300,19250,19200,19100,19050,19000,18950,30,126,62,36,61,679,24,1539,200,20,2777,2699,1,
054930,090840,1525910921.4596622,19750,19800,19900,20000,20400,20450,20900,20950,21000,21100,5,420,1135,13,396,460,55,96,111,8,19500,19450,19350,19300,19250,19200,19100,19050,19000,18950,32,126,62,36,61,679,24,1539,200,20,2779,2699,1,
054930,090842,1525910923.444388,19750,19800,19900,20000,20400,20450,20900,20950,21000,21100,5,680,1135,13,396,460,55,96,111,8,19500,19450,19350,19300,19250,19200,19100,19050,19000,18950,32,126,62,36,61,679,24,1539,200,20,2779,2959,1,
054930,090843,1525910924.1843965,19750,19800,19900,20000,20400,20450,20900,20950,21000,21100,5,680,1135,13,396,460,55,96,111,8,19500,19450,19400,19350,19300,19250,19200,19100,19050,19000,32,126,50,62,36,61,679,24,1539,200,2809,2959,1,
054930,090846,1525910927.7346878,19750,19800,19850,19900,20000,20400,20450,20900,20950,21000,5,380,300,1135,13,396,460,55,96,111,19500,19450,19400,19350,19300,19250,19200,19100,19050,19000,32,126,50,62,36,61,679,24,1539,200,2809,2951,1,
054930,090852,1525910933.6682594,19750,19800,19850,19900,20000,20400,20450,20900,20950,21000,105,380,300,1135,13,396,460,55,96,111,19500,19450,19400,19350,19300,19250,19200,19100,19050,19000,32,126,50,62,36,61,679,24,1539,200,2809,3051,1,
054930,090853,1525910934.6701465,19750,19800,19850,19900,20000,20400,20450,20900,20950,21000,109,380,300,1135,13,396,460,55,96,111,19500,19450,19400,19350,19300,19250,19200,19100,19050,19000,32,126,50,62,36,61,679,24,1539,200,2809,3055,1,
054930,090855,1525910936.6472008,19750,19800,19850,19900,20000,20400,20450,20900,20950,21000,109,380,300,1135,13,396,460,55,96,111,19700,19500,19450,19400,19350,19250,19200,19100,19050,19000,100,32,126,50,62,61,679,24,1539,200,2873,3055,1,
054930,090855,1525910936.9972079,19750,19800,19850,19900,20000,20400,20450,20900,20950,21000,109,390,300,1135,13,396,460,55,96,111,19700,19500,19450,19400,19350,19250,19200,19100,19050,19000,100,32,126,50,62,61,679,24,1539,200,2873,3065,1,
054930,090900,1525910941.3425193,19750,19800,19850,19900,20000,20400,20450,20900,20950,21000,109,390,300,1135,13,396,460,55,96,111,19700,19500,19450,19400,19350,19250,19200,19100,19050,19000,90,32,126,50,62,61,679,24,1539,200,2863,3065,1,
054930,090902,1525910943.2745798,19750,19800,19850,19900,20000,20400,20450,20900,20950,21000,109,390,300,1135,13,396,460,55,96,111,19700,19500,19450,19400,19350,19250,19200,19100,19050,19000,92,32,126,50,62,61,679,24,1539,200,2865,3065,1,
054930,090902,1525910944.0691938,19750,19800,19850,19900,20000,20400,20450,20900,20950,21000,105,390,300,1135,13,396,460,55,96,111,19700,19500,19450,19400,19350,19250,19200,19100,19050,19000,88,32,126,50,62,61,679,24,1539,200,2861,3061,1,
054930,090903,1525910944.8671772,19750,19800,19850,19900,20000,20400,20450,20900,20950,21000,105,390,300,1135,13,396,460,55,96,111,19700,19500,19450,19350,19250,19200,19150,19100,19050,19000,88,32,126,62,61,679,50,24,1539,200,2861,3061,1,
054930,090906,1525910947.2290692,19750,19800,19850,19900,20000,20400,20450,20900,20950,21000,105,547,300,1135,13,396,460,55,96,111,19700,19500,19450,19350,19250,19200,19150,19100,19050,19000,88,32,126,62,61,679,50,24,1539,200,2861,3218,1,
054930,090907,1525910948.5872643,19750,19800,19850,19900,20000,20400,20450,20900,20950,21000,105,547,300,1135,13,396,460,55,96,111,19700,19500,19450,19350,19250,19200,19150,19100,19050,19000,119,32,126,62,61,679,50,24,1539,200,2892,3218,1,
054930,090908,1525910949.5835094,19750,19800,19850,19900,20000,20400,20450,20900,20950,21000,105,547,300,1187,13,396,460,55,96,111,19700,19500,19450,19350,19250,19200,19150,19100,19050,19000,119,32,126,62,61,679,50,24,1539,200,2892,3270,1,
054930,090909,1525910950.9323428,19750,19800,19850,19900,20000,20400,20450,20900,20950,21000,105,547,300,1187,13,396,460,55,96,111,19700,19500,19450,19350,19250,19200,19150,19100,19050,19000,109,32,126,62,61,679,50,24,1539,200,2882,3270,1,
054930,090916,1525910957.7889593,19750,19800,19850,19900,20000,20400,20450,20900,20950,21000,105,547,300,1187,13,396,460,55,96,111,19700,19500,19450,19350,19250,19200,19150,19100,19050,19000,109,32,126,62,61,679,50,24,1539,200,2882,3270,1,
054930,090923,1525910964.5830352,19750,19800,19850,19900,20000,20400,20450,20900,20950,21000,105,547,400,1187,13,396,460,55,96,111,19700,19500,19450,19350,19250,19200,19150,19100,19050,19000,80,32,126,62,61,679,50,24,1539,200,2853,3370,1,
054930,090930,1525910971.9867783,19750,19800,19850,19900,20000,20400,20450,20900,20950,21000,105,547,400,1187,13,396,460,55,96,111,19700,19500,19450,19350,19250,19200,19150,19100,19050,19000,70,32,126,62,61,679,50,24,1539,200,2843,3370,1,
054930,090934,1525910975.2418344,19750,19800,19850,19900,20000,20400,20450,20800,20900,20950,105,547,400,1187,13,396,60,400,55,96,19700,19500,19450,19350,19250,19200,19150,19100,19050,19000,20,32,126,62,61,679,50,24,1539,200,2793,3259,1,
054930,090935,1525910976.7659695,19700,19750,19800,19850,19900,20000,20400,20450,20800,20900,530,105,547,400,1187,13,396,60,400,55,19500,19450,19350,19250,19200,19150,19100,19050,19000,18950,32,126,62,61,679,50,24,1539,200,20,2793,3693,1,
054930,090935,1525910977.0519528,19700,19750,19800,19850,19900,20000,20400,20450,20800,20900,530,105,547,400,1187,13,396,60,400,55,19500,19450,19350,19250,19200,19150,19100,19050,19000,18950,32,63,62,61,679,50,24,1539,200,20,2730,3693,1,
054930,090936,1525910977.2793167,19700,19750,19800,19850,19900,20000,20400,20450,20800,20900,540,105,547,400,1187,13,396,60,400,55,19500,19450,19350,19250,19200,19150,19100,19050,19000,18950,2,63,62,61,679,50,24,1539,200,20,2700,3703,1,
054930,090936,1525910977.5718637,19700,19750,19800,19850,19900,20000,20400,20450,20800,20900,540,105,547,400,1187,13,396,60,400,55,19450,19350,19250,19200,19150,19100,19050,19000,18950,18800,63,62,61,679,50,24,1539,200,20,6,2704,3703,1,
054930,090940,1525910981.7974684,19700,19750,19800,19850,19900,20000,20400,20450,20800,20900,540,105,547,400,1187,13,396,60,400,55,19450,19350,19250,19200,19150,19100,19050,19000,18950,18800,67,62,61,679,50,24,1539,200,20,6,2708,3703,1,
054930,090943,1525910984.8453915,19700,19750,19800,19850,19900,20000,20400,20450,20800,20900,530,105,547,400,1187,13,396,60,400,55,19450,19350,19250,19200,19150,19100,19050,19000,18950,18800,67,12,61,679,50,24,1539,200,20,6,2658,3693,1,
054930,090945,1525910986.365266,19700,19750,19800,19850,19900,20000,20400,20450,20800,20900,530,105,547,400,1187,13,396,60,400,196,19450,19350,19250,19200,19150,19100,19050,19000,18950,18800,67,12,61,679,50,24,1539,200,20,6,2658,3834,1,
054930,090954,1525910996.122693,19700,19750,19800,19850,19900,20000,20400,20450,20800,20900,530,305,547,400,1187,13,396,60,400,196,19450,19350,19250,19200,19150,19100,19050,19000,18950,18800,67,12,61,679,50,24,1539,200,20,6,2658,4034,1,
054930,090956,1525910998.1057022,19700,19750,19800,19850,19900,20000,20400,20450,20800,20900,529,305,547,400,1187,13,396,60,400,196,19450,19350,19250,19200,19150,19100,19050,19000,18950,18800,67,12,61,679,50,24,1539,200,20,6,2658,4033,1,
054930,090959,1525911000.9798663,19700,19750,19800,19850,19900,20000,20400,20450,20800,20900,529,305,547,400,1267,13,396,60,400,196,19450,19350,19250,19200,19150,19100,19050,19000,18950,18800,67,12,61,679,50,24,1539,200,20,6,2658,4113,1,
054930,091002,1525911003.14591,19650,19700,19750,19800,19850,19900,20000,20400,20450,20800,350,529,305,547,400,1267,13,396,60,400,19450,19350,19250,19200,19150,19100,19050,19000,18950,18800,67,12,61,679,50,24,1539,200,20,6,2658,4267,1,
054930,091002,1525911003.5814946,19650,19700,19750,19800,19850,19900,20000,20400,20450,20800,350,529,305,547,400,1267,13,396,60,400,19450,19350,19250,19200,19150,19100,19050,19000,18950,18800,4,12,61,679,50,24,1539,200,20,6,2595,4267,1,
054930,091002,1525911003.982478,19650,19700,19750,19800,19850,19900,20000,20400,20450,20800,350,529,305,547,400,1267,13,396,60,400,19350,19250,19200,19150,19100,19050,19000,18950,18800,18750,12,61,679,50,24,1539,200,20,6,20,2611,4267,1,
054930,091003,1525911004.3439949,19650,19700,19750,19800,19850,19900,20000,20400,20450,20800,350,529,305,547,400,1267,13,396,60,400,19350,19300,19250,19200,19150,19100,19050,19000,18950,18800,12,41,61,679,50,24,1539,200,20,6,2632,4267,1,
054930,091009,1525911010.2001846,19650,19700,19750,19800,19850,19900,20000,20400,20450,20800,350,529,305,547,400,1267,13,396,60,400,19350,19300,19250,19200,19150,19100,19050,19000,18950,18800,16,41,61,679,50,24,1539,200,20,6,2636,4267,1,
054930,091009,1525911010.5475857,19650,19700,19750,19800,19850,19900,20000,20400,20450,20800,350,529,305,547,400,1267,13,396,60,400,19300,19250,19200,19150,19100,19050,19000,18950,18800,18750,37,61,679,50,24,1539,200,20,6,20,2636,4267,1,
054930,091009,1525911010.830895,19650,19700,19750,19800,19850,19900,20000,20400,20450,20800,350,541,305,547,400,1267,13,396,60,400,19300,19250,19200,19150,19100,19050,19000,18950,18800,18750,37,61,679,50,24,1539,200,20,6,20,2636,4279,1,
054930,091017,1525911018.8254313,19650,19700,19750,19800,19850,19900,20000,20400,20450,20800,350,541,300,547,400,1267,13,396,60,400,19300,19250,19200,19150,19100,19050,19000,18950,18800,18750,37,61,679,50,24,1539,200,20,6,20,2636,4274,1,
054930,091018,1525911019.2275364,19650,19700,19750,19800,19850,19900,20000,20400,20450,20800,350,541,300,547,400,1267,13,396,60,400,19300,19250,19200,19150,19100,19050,19000,18950,18800,18750,37,61,679,50,28,1539,200,20,6,20,2640,4274,1,
054930,091018,1525911019.5481257,19650,19700,19750,19800,19850,19900,20000,20400,20450,20800,350,541,300,547,400,1267,13,396,60,400,19350,19300,19250,19200,19150,19100,19050,19000,18950,18800,21,37,61,679,50,28,1539,200,20,6,2641,4274,1,
054930,091019,1525911020.920126,19650,19700,19750,19800,19850,19900,20000,20400,20450,20800,350,541,300,547,400,1187,13,396,60,400,19350,19300,19250,19200,19150,19100,19050,19000,18950,18800,21,37,61,679,50,28,1539,200,20,6,2641,4194,1,
054930,091023,1525911024.2479506,19650,19700,19750,19800,19850,19900,20000,20400,20450,20800,350,541,300,718,400,1187,13,396,60,400,19350,19300,19250,19200,19150,19100,19050,19000,18950,18800,21,37,61,679,50,28,1539,200,20,6,2641,4365,1,
054930,091032,1525911033.6389506,19650,19700,19750,19800,19850,19900,20000,20400,20450,20800,350,541,300,718,400,1187,13,396,60,400,19350,19300,19250,19200,19150,19100,19050,19000,18950,18800,21,37,61,679,50,28,1539,200,20,12,2647,4365,1,
054930,091037,1525911038.2312684,19700,19750,19800,19850,19900,20000,20400,20450,20800,20900,541,300,718,400,1187,13,396,60,400,196,19650,19350,19300,19250,19200,19150,19100,19050,19000,18950,71,21,37,61,679,50,28,1539,200,20,2706,4211,1,
054930,091037,1525911038.5007477,19700,19750,19800,19850,19900,20000,20400,20450,20800,20900,541,300,718,400,1187,13,396,60,400,196,19350,19300,19250,19200,19150,19100,19050,19000,18950,18800,21,37,61,679,50,28,1539,200,20,12,2647,4211,1,
054930,091039,1525911040.7072055,19700,19750,19800,19850,19900,20000,20400,20450,20800,20900,541,300,718,400,1187,13,396,60,500,196,19350,19300,19250,19200,19150,19100,19050,19000,18950,18800,21,37,61,679,50,28,1539,200,20,12,2647,4311,1,
054930,091044,1525911045.7637134,19700,19750,19800,19850,19900,20000,20400,20450,20800,20900,541,300,718,400,1187,13,396,60,500,196,19350,19300,19250,19200,19150,19100,19050,19000,18950,18800,21,37,61,679,50,28,1539,250,20,12,2697,4311,1,
054930,091046,1525911047.7280514,19700,19750,19800,19850,19900,20000,20400,20450,20800,20900,541,300,718,400,1187,13,396,60,500,196,19400,19350,19300,19250,19200,19150,19100,19050,19000,18950,35,21,37,61,679,50,28,1539,250,20,2720,4311,1,
054930,091047,1525911048.4496896,19650,19700,19750,19800,19850,19900,20000,20400,20450,20800,300,541,300,718,400,1187,13,96,60,500,19400,19350,19300,19250,19200,19150,19100,19050,19000,18950,35,21,37,113,679,50,28,1539,250,20,2772,4115,1,
054930,091059,1525911060.2486792,19650,19700,19750,19800,19850,19900,20000,20400,20450,20800,300,541,300,718,400,1187,513,96,60,500,19400,19350,19300,19250,19200,19150,19100,19050,19000,18950,35,21,37,113,679,50,28,1539,250,20,2772,4615,1,
054930,091102,1525911063.364597,19650,19700,19750,19800,19850,19900,20000,20400,20450,20800,300,546,300,718,400,1187,513,96,60,500,19400,19350,19300,19250,19200,19150,19100,19050,19000,18950,35,21,37,113,679,50,28,1539,250,20,2772,4620,1,
054930,091104,1525911065.6290336,19650,19700,19750,19800,19850,19900,20000,20400,20450,20800,300,546,300,718,400,1187,513,96,60,500,19400,19350,19300,19250,19200,19150,19100,19050,19000,18950,35,21,37,61,679,50,80,1539,250,20,2772,4620,1,
054930,091124,1525911085.153954,19650,19700,19750,19800,19850,19900,20000,20050,20400,20450,300,546,300,718,400,186,513,1001,96,60,19400,19350,19300,19250,19200,19150,19100,19050,19000,18950,35,21,37,61,679,50,80,1539,250,20,2772,4120,1,
054930,091135,1525911096.1558335,19650,19700,19750,19800,19850,19900,20000,20050,20400,20450,300,546,300,718,400,186,513,1001,96,60,19400,19350,19300,19250,19200,19150,19100,19050,19000,18950,35,21,37,61,679,50,80,1539,250,20,2772,4120,1,
054930,091135,1525911096.4364781,19600,19650,19700,19750,19800,19850,19900,20000,20050,20400,138,300,546,300,718,400,186,513,1001,96,19400,19350,19300,19250,19200,19150,19100,19050,19000,18950,35,21,37,61,679,50,80,1539,250,20,2772,4198,1,
054930,091138,1525911099.5857706,19600,19650,19700,19750,19800,19850,19900,20000,20050,20400,138,300,546,300,718,400,186,513,1001,96,19400,19350,19300,19250,19200,19150,19100,19050,19000,18950,35,21,37,61,679,50,80,1539,250,20,2772,4198,1,
054930,091150,1525911112.0290134,19600,19650,19700,19750,19800,19850,19900,20000,20050,20400,138,300,546,300,718,400,186,513,1001,96,19400,19350,19300,19250,19200,19150,19100,19050,19000,18950,25,21,37,61,679,50,80,1539,250,20,2762,4198,1,
054930,091153,1525911114.4003685,19600,19650,19700,19750,19800,19850,19900,20000,20050,20400,138,300,546,300,718,400,186,513,1001,96,19400,19350,19300,19250,19200,19150,19100,19050,19000,18950,25,21,37,61,679,50,80,1559,250,20,2782,4198,1,
054930,091156,1525911117.27837,19550,19600,19650,19700,19750,19800,19850,19900,20000,20050,4,138,300,556,300,718,400,186,513,1001,19400,19350,19250,19200,19150,19100,19050,19000,18950,18900,25,21,61,679,50,80,1559,250,20,1200,3945,4116,1,
054930,091159,1525911120.270371,19550,19600,19650,19700,19750,19800,19850,19900,20000,20050,4,148,300,556,300,718,400,186,513,1001,19400,19350,19250,19200,19150,19100,19050,19000,18950,18900,25,21,61,679,50,80,1559,250,20,1200,3945,4126,1,
054930,091204,1525911125.8681536,19550,19600,19650,19700,19750,19800,19850,19900,20000,20050,4,148,300,556,300,718,400,186,513,1001,19400,19350,19250,19200,19150,19100,19050,19000,18950,18900,25,21,61,679,50,28,1559,250,20,1200,3893,4126,1,
054930,091209,1525911130.7171152,19550,19600,19650,19700,19750,19800,19850,19900,20000,20050,4,153,300,551,300,718,400,186,513,1001,19400,19350,19250,19200,19150,19100,19050,19000,18950,18900,25,21,61,679,50,28,1559,250,20,1200,3893,4126,1,
054930,091212,1525911133.261984,19550,19600,19650,19700,19750,19800,19850,19900,20000,20050,4,153,300,551,300,718,400,186,513,1001,19400,19350,19250,19200,19150,19100,19050,19000,18950,18900,25,221,61,679,50,28,1559,250,20,1200,4093,4126,1,
054930,091312,1525911193.976794,19550,19600,19650,19700,19750,19800,19850,19900,20000,20050,4,153,300,551,300,718,400,186,513,1001,19400,19350,19250,19200,19150,19100,19050,19000,18950,18900,26,221,61,679,50,28,1559,250,20,1200,4094,4126,1,
054930,091321,1525911202.5106437,19550,19600,19650,19700,19750,19800,19850,19900,20000,20050,4,153,300,551,300,718,400,186,513,1001,19400,19350,19250,19200,19150,19100,19050,19000,18950,18900,1,221,61,679,50,28,1559,250,20,1200,4069,4126,1,
054930,091321,1525911203.1211658,19550,19600,19650,19700,19750,19800,19850,19900,20000,20050,4,153,300,551,300,718,400,186,513,1001,19350,19250,19200,19150,19100,19050,19000,18950,18900,18800,221,61,679,50,28,1559,250,20,1200,12,4080,4126,1,
054930,091324,1525911205.4354856,19550,19600,19650,19700,19750,19800,19850,19900,20000,20050,4,153,300,551,300,718,400,186,513,1001,19350,19250,19200,19150,19100,19050,19000,18950,18900,18800,221,61,679,50,28,1559,250,20,1200,12,4080,4126,1,
054930,091327,1525911208.405298,19550,19600,19650,19700,19750,19800,19850,19900,20000,20050,4,153,300,551,300,718,400,186,513,1001,19350,19250,19200,19150,19100,19050,19000,18950,18900,18800,223,61,679,50,28,1559,250,20,1200,12,4082,4126,1,
054930,091331,1525911212.6405463,19550,19600,19650,19700,19750,19800,19850,19900,20000,20050,4,153,300,551,300,718,400,186,534,1001,19350,19250,19200,19150,19100,19050,19000,18950,18900,18800,223,61,679,50,28,1559,250,20,1200,12,4082,4147,1,
054930,091341,1525911222.478208,19550,19600,19650,19700,19750,19800,19850,19900,20000,20050,4,153,300,551,300,718,400,186,534,1001,19350,19250,19200,19150,19100,19050,19000,18950,18900,18800,223,61,679,50,28,1559,250,20,1200,12,4082,4147,1,
054930,091341,1525911222.990049,19550,19600,19650,19700,19750,19800,19850,19900,20000,20050,4,153,300,551,300,718,400,186,534,1001,19350,19250,19200,19150,19100,19050,19000,18950,18900,18800,223,61,679,50,28,1559,250,20,1200,12,4082,4147,1,
054930,091345,1525911226.637938,19500,19550,19600,19650,19700,19750,19800,19850,19900,20000,5,4,148,300,551,300,718,400,186,534,19350,19250,19200,19150,19100,19050,19000,18950,18900,18800,223,61,679,50,28,1559,250,20,1200,12,4082,3146,1,
054930,091348,1525911230.0733385,19500,19600,19650,19700,19750,19800,19850,19900,20000,20050,9,148,300,551,300,718,400,186,534,1001,19350,19250,19200,19150,19100,19050,19000,18950,18900,18800,223,61,679,50,28,1559,250,20,1200,12,4082,4147,1,
054930,091351,1525911232.5170581,19600,19650,19700,19750,19800,19850,19900,20000,20050,20400,148,300,551,300,718,400,186,534,1001,96,19500,19350,19250,19200,19150,19100,19050,19000,18950,18900,51,223,61,679,50,28,1559,250,20,1200,4121,4234,1,
054930,091357,1525911238.306468,19600,19650,19700,19750,19800,19850,19900,20000,20050,20400,148,300,551,300,718,400,186,534,1001,96,19500,19350,19250,19200,19150,19100,19050,19000,18950,18900,51,223,61,679,50,28,1559,250,20,1200,4121,4234,1,
054930,091358,1525911239.9495964,19600,19650,19700,19750,19800,19850,19900,20000,20050,20400,148,300,551,300,718,400,186,534,1001,96,19500,19350,19250,19200,19150,19100,19050,19000,18950,18900,52,223,61,679,50,28,1559,250,20,1200,4122,4234,1,
054930,091425,1525911266.8048522,19650,19700,19750,19800,19850,19900,20000,20050,20400,20450,300,551,300,718,400,186,534,1001,96,60,19600,19500,19350,19250,19200,19150,19100,19050,19000,18950,32,52,223,61,679,50,28,1559,250,20,2954,4146,1,
054930,091432,1525911273.8790114,19650,19700,19750,19800,19850,19900,20000,20050,20400,20450,300,551,300,718,400,186,534,1001,96,60,19600,19500,19350,19250,19200,19150,19100,19050,19000,18950,32,1,223,61,679,50,28,1559,250,20,2903,4146,1,
054930,091435,1525911276.5860014,19650,19700,19750,19800,19850,19900,20000,20050,20400,20450,300,551,300,718,400,186,534,1001,96,60,19600,19500,19350,19250,19200,19150,19100,19050,19000,18950,35,1,223,61,679,50,28,1559,250,20,2906,4146,1,
054930,091441,1525911282.1839333,19650,19700,19750,19800,19850,19900,20000,20050,20400,20450,300,551,300,718,400,186,534,1001,96,60,19600,19500,19350,19250,19200,19150,19100,19050,19000,18950,25,1,223,61,679,50,28,1559,250,20,2896,4146,1,
054930,091444,1525911285.397116,19650,19700,19750,19800,19850,19900,20000,20050,20400,20450,200,551,300,718,400,186,534,1001,96,60,19600,19500,19350,19250,19200,19150,19100,19050,19000,18950,25,1,223,61,679,50,28,1559,250,20,2896,4046,1,
054930,091444,1525911285.7940183,19650,19700,19750,19800,19850,19900,20000,20050,20400,20450,194,551,300,718,400,186,534,1001,96,60,19600,19500,19350,19250,19200,19150,19100,19050,19000,18950,25,1,223,61,679,50,28,1559,250,20,2896,4040,1,
054930,091450,1525911292.0050461,19650,19700,19750,19800,19850,19900,20000,20050,20400,20450,194,551,300,718,400,186,534,1001,96,60,19600,19500,19350,19250,19200,19150,19100,19050,19000,18950,25,4,223,61,679,50,28,1559,250,20,2899,4040,1,
054930,091453,1525911295.06181,19650,19700,19750,19800,19850,19900,20000,20050,20400,20450,24,551,300,718,400,186,534,1001,96,60,19600,19500,19350,19250,19200,19150,19100,19050,19000,18950,25,4,223,61,679,50,28,1559,250,20,2899,3870,1,
054930,091455,1525911296.584308,19650,19700,19750,19800,19850,19900,20000,20050,20400,20450,24,551,300,718,400,186,534,1001,96,60,19600,19500,19350,19250,19200,19150,19100,19050,19000,18950,25,4,223,61,679,50,38,1559,250,20,2909,3870,1,
054930,091459,1525911300.4975007,19650,19700,19750,19800,19850,19900,20000,20050,20400,20450,24,551,300,718,400,186,534,1001,96,60,19600,19500,19350,19250,19200,19150,19100,19050,19000,18950,35,4,223,61,679,50,38,1559,250,20,2919,3870,1,
054930,091508,1525911309.7026715,19650,19700,19750,19800,19850,19900,20000,20050,20400,20450,224,551,300,718,400,186,534,1001,96,60,19600,19500,19350,19250,19200,19150,19100,19050,19000,18950,35,4,223,61,679,50,38,1559,250,20,2919,4070,1,
054930,091512,1525911314.0114114,19650,19700,19750,19800,19850,19900,20000,20050,20400,20450,224,551,300,718,400,186,534,1001,96,60,19600,19500,19350,19250,19200,19150,19100,19050,19000,18950,35,4,223,64,679,50,38,1559,250,20,2922,4070,1,
054930,091513,1525911314.3461897,19650,19700,19750,19800,19850,19900,20000,20050,20400,20450,224,551,300,718,400,186,534,1183,96,60,19600,19500,19350,19250,19200,19150,19100,19050,19000,18950,35,4,223,64,679,50,38,1559,250,20,2922,4252,1,
054930,091519,1525911321.0071342,19650,19700,19750,19800,19850,19900,20000,20050,20400,20450,224,551,300,718,400,186,534,1183,96,60,19600,19500,19350,19250,19200,19150,19100,19050,19000,18950,35,4,223,64,679,50,38,1559,250,20,2922,4252,1,
054930,091522,1525911323.5492449,19650,19700,19750,19800,19850,19900,20000,20050,20400,20450,274,551,300,718,400,186,534,1183,96,60,19600,19500,19350,19250,19200,19150,19100,19050,19000,18950,35,4,223,64,679,50,38,1559,250,20,2922,4302,1,
054930,091523,1525911324.7379637,19650,19700,19750,19800,19850,19900,20000,20050,20400,20450,273,551,300,718,400,186,534,1183,96,60,19600,19500,19350,19250,19200,19150,19100,19050,19000,18950,35,4,223,64,679,50,38,1559,250,20,2922,4301,1,
054930,091524,1525911325.8532596,19650,19700,19750,19800,19850,19900,20000,20050,20400,20450,173,551,300,718,400,186,534,1183,96,60,19600,19500,19350,19250,19200,19150,19100,19050,19000,18950,35,4,223,64,679,50,38,1559,250,20,2922,4201,1,
054930,091526,1525911327.271686,19650,19700,19750,19800,19850,19900,20000,20050,20400,20450,173,551,300,718,400,186,534,1183,96,60,19600,19500,19350,19250,19200,19150,19100,19050,19000,18950,35,4,223,64,679,50,38,1559,250,20,2922,4201,1,
054930,091526,1525911327.826587,19650,19700,19750,19800,19850,19900,20000,20050,20400,20450,173,551,300,718,400,186,534,1183,96,60,19600,19500,19350,19250,19200,19150,19100,19050,19000,18950,30,4,223,64,679,50,38,1559,250,20,2917,4201,1,
054930,091531,1525911332.7822914,19650,19700,19750,19800,19850,19900,20000,20050,20400,20450,173,551,300,718,400,186,534,1183,96,60,19600,19500,19350,19250,19200,19150,19100,19050,19000,18950,30,4,223,64,679,50,38,1559,250,20,2917,4201,1,
054930,091535,1525911337.126987,19650,19700,19750,19800,19850,19900,20000,20050,20400,20450,173,551,300,718,400,186,534,1183,96,60,19600,19500,19350,19250,19200,19150,19100,19050,19000,18950,30,4,223,73,679,50,38,1559,250,20,2926,4201,1,
054930,091540,1525911341.4060307,19650,19700,19750,19800,19850,19900,20000,20050,20400,20450,173,551,300,718,400,186,534,1183,96,60,19600,19500,19350,19250,19200,19150,19100,19050,19000,18950,30,4,223,73,679,50,38,1559,250,20,2926,4201,1,
054930,091540,1525911341.9766455,19650,19700,19750,19800,19850,19900,20000,20050,20400,20450,163,551,300,718,400,186,534,1183,96,60,19600,19500,19350,19250,19200,19150,19100,19050,19000,18950,30,4,223,73,679,50,38,1559,250,20,2926,4191,1,
054930,091547,1525911348.950432,19650,19700,19750,19800,19850,19900,20000,20050,20400,20450,163,551,300,718,400,186,534,1183,96,60,19600,19500,19350,19250,19200,19150,19100,19050,19000,18950,25,4,223,73,679,50,38,1559,250,20,2921,4191,1,
054930,091549,1525911350.2017028,19650,19700,19750,19800,19850,19900,20000,20050,20400,20450,163,551,300,718,400,186,534,1183,96,60,19600,19500,19350,19250,19200,19150,19100,19050,19000,18950,25,4,223,73,679,50,28,1559,250,20,2911,4191,1,
054930,091555,1525911356.3656006,19650,19700,19750,19800,19850,19900,20000,20050,20400,20450,163,551,300,718,400,186,534,1183,96,60,19600,19500,19350,19250,19200,19150,19100,19050,19000,18950,25,4,223,73,679,50,28,1559,250,20,2911,4191,1,
054930,091603,1525911365.1122582,19650,19700,19750,19800,19850,19900,20000,20050,20400,20450,163,551,300,718,400,186,534,1183,96,60,19600,19500,19350,19250,19200,19150,19100,19050,19000,18950,25,4,223,73,679,50,28,1559,250,20,2911,4191,1,
054930,091620,1525911382.101514,19650,19700,19750,19800,19850,19900,20000,20050,20400,20450,163,551,300,718,400,186,534,1183,96,60,19600,19500,19350,19250,19200,19150,19100,19050,19000,18950,15,4,223,73,679,50,28,1559,250,20,2901,4191,1,
054930,091621,1525911382.3655605,19650,19700,19750,19800,19850,19900,20000,20050,20400,20450,163,551,300,718,400,186,534,1183,96,60,19600,19500,19350,19250,19200,19150,19100,19050,19000,18950,65,4,223,73,679,50,28,1559,250,20,2951,4191,1,
054930,091632,1525911393.8261359,19650,19700,19750,19800,19850,19900,20000,20050,20400,20450,163,551,300,718,400,186,534,1183,96,60,19600,19500,19350,19250,19200,19150,19100,19050,19000,18950,65,4,223,1073,679,50,28,1559,250,20,3951,4191,1,
054930,091632,1525911394.1055775,19650,19700,19750,19800,19850,19900,20000,20050,20400,20450,163,551,300,718,400,186,534,1183,96,60,19600,19500,19350,19300,19250,19200,19150,19100,19050,19000,65,4,223,59,1073,679,50,28,1559,250,3990,4191,1,
054930,091635,1525911396.8261995,19650,19700,19750,19800,19850,19900,20000,20050,20400,20450,163,551,301,718,400,186,534,1183,96,60,19600,19500,19350,19300,19250,19200,19150,19100,19050,19000,15,4,223,59,1073,679,50,28,1559,250,3940,4192,1,
054930,091639,1525911400.321149,19650,19700,19750,19800,19850,19900,20000,20050,20400,20450,163,551,301,718,400,186,534,1183,96,60,19600,19500,19350,19300,19250,19200,19150,19100,19050,19000,15,3,221,59,1070,679,50,28,1559,250,3934,4192,1,
054930,091640,1525911401.6196294,19650,19700,19750,19800,19850,19900,20000,20050,20400,20450,163,551,301,718,400,186,534,1183,96,60,19600,19500,19350,19300,19250,19200,19150,19100,19050,19000,14,3,221,59,1070,679,50,28,1559,250,3933,4192,1,
054930,091644,1525911405.5754652,19650,19700,19750,19800,19850,19900,20000,20050,20400,20450,163,551,301,718,400,186,534,1183,96,60,19600,19500,19350,19300,19250,19200,19150,19100,19050,19000,15,3,221,59,1070,679,50,28,1559,250,3934,4192,1,
054930,091652,1525911413.1706307,19650,19700,19750,19800,19850,19900,20000,20050,20400,20450,163,551,301,718,400,186,534,1183,96,60,19600,19500,19350,19300,19250,19200,19150,19100,19050,19000,15,3,221,59,1070,679,50,28,1559,250,3934,4192,1,
054930,091655,1525911416.834683,19650,19700,19750,19800,19850,19900,20000,20050,20400,20450,163,541,301,718,400,186,534,1183,106,60,19600,19500,19350,19300,19250,19200,19150,19100,19050,19000,15,3,221,59,1070,679,50,28,1559,250,3934,4192,1,
054930,091725,1525911446.2945037,19600,19650,19700,19750,19800,19850,19900,20000,20050,20400,585,163,541,301,718,400,186,534,1183,106,19500,19350,19300,19250,19200,19150,19100,19050,19000,18950,3,221,59,1070,679,50,28,1559,250,20,3939,4717,1,
054930,091738,1525911460.0477467,19600,19650,19700,19750,19800,19850,19900,20000,20050,20400,585,163,541,301,718,400,186,534,1183,106,19500,19350,19300,19250,19200,19150,19100,19050,19000,18950,3,235,59,1070,679,50,28,1559,250,20,3953,4717,1,
054930,091750,1525911471.7057655,19600,19650,19700,19750,19800,19850,19900,20000,20050,20400,585,163,541,301,718,400,186,534,1183,106,19500,19350,19300,19250,19200,19150,19100,19050,19000,18950,3,235,59,1070,679,50,28,1559,250,20,3953,4717,1,
054930,091807,1525911489.1318262,19550,19600,19650,19700,19750,19800,19850,19900,20000,20050,200,585,163,541,301,718,400,186,534,1183,19500,19350,19300,19250,19200,19150,19100,19050,19000,18950,3,235,59,1070,679,50,28,1559,250,20,3953,4811,1,
054930,091808,1525911489.6456702,19550,19600,19650,19700,19750,19800,19850,19900,20000,20050,200,585,163,541,301,718,400,186,534,1183,19500,19350,19300,19250,19200,19150,19100,19050,19000,18950,3,214,59,1070,679,50,28,1559,250,20,3932,4811,1,
054930,091811,1525911492.3050158,19600,19650,19700,19750,19800,19850,19900,20000,20050,20400,585,163,541,301,718,400,186,534,1183,106,19550,19500,19350,19300,19250,19200,19150,19100,19050,19000,300,3,214,59,1070,679,50,28,1559,250,4212,4717,1,
054930,091811,1525911492.8137856,19600,19650,19700,19750,19800,19850,19900,20000,20050,20400,585,163,541,301,718,400,186,534,1183,106,19550,19500,19350,19300,19250,19200,19150,19100,19050,19000,300,3,214,59,1070,679,50,28,1559,250,4212,4717,1,
054930,091814,1525911495.4998155,19600,19650,19700,19750,19800,19850,19900,20000,20050,20400,265,163,541,301,718,400,186,534,1183,106,19550,19500,19350,19300,19250,19200,19150,19100,19050,19000,300,3,214,59,1070,679,50,28,1559,250,4212,4397,1,
054930,091816,1525911497.7460291,19650,19700,19750,19800,19850,19900,20000,20050,20400,20450,163,541,301,718,400,186,534,1183,106,60,19600,19550,19500,19350,19300,19250,19200,19150,19100,19050,85,300,3,214,59,1070,679,50,28,1559,4047,4192,1,
054930,091816,1525911497.978584,19650,19700,19750,19800,19850,19900,20000,20050,20400,20450,163,541,301,718,400,186,534,1183,106,60,19600,19550,19500,19350,19300,19250,19200,19150,19100,19050,92,300,3,214,59,1070,679,50,28,1559,4054,4192,1,
054930,091817,1525911498.162015,19650,19700,19750,19800,19850,19900,20000,20050,20400,20450,163,541,301,708,400,176,524,1183,106,50,19600,19550,19500,19350,19300,19250,19200,19150,19100,19050,92,300,3,214,59,1070,679,50,28,1559,4054,4152,1,
054930,091817,1525911498.389756,19650,19700,19750,19800,19850,19900,20000,20050,20400,20450,163,541,301,708,400,176,524,1183,96,50,19600,19550,19500,19350,19300,19250,19200,19150,19100,19050,92,300,53,214,59,1070,679,50,28,1559,4104,4142,1,
054930,091829,1525911510.9708025,19650,19700,19750,19800,19850,19900,20000,20050,20400,20450,163,541,301,708,400,176,524,1183,96,50,19600,19550,19500,19350,19300,19250,19200,19150,19100,19050,86,300,53,214,59,1070,679,50,28,1559,4098,4142,1,
054930,091830,1525911511.1782222,19700,19750,19800,19850,19900,20000,20050,20400,20450,20500,541,301,708,400,176,524,1183,96,50,279,19600,19550,19500,19350,19300,19250,19200,19150,19100,19050,86,300,53,214,59,1070,679,50,28,1559,4098,4258,1,
054930,091837,1525911518.425055,19700,19750,19800,19850,19900,20000,20050,20400,20450,20500,541,301,708,400,176,524,1183,276,50,279,19600,19550,19500,19350,19300,19250,19200,19150,19100,19050,86,300,53,214,59,1070,679,50,28,1559,4098,4438,1,
054930,091850,1525911531.5789225,19700,19750,19800,19850,19900,20000,20050,20400,20450,20500,541,301,708,400,176,524,1183,276,50,279,19600,19550,19500,19350,19300,19250,19200,19150,19100,19050,86,321,53,214,59,1070,679,50,28,1559,4119,4438,1,
054930,091851,1525911532.978785,19700,19750,19800,19850,19900,20000,20050,20400,20450,20500,541,301,708,400,176,524,1183,276,50,279,19650,19600,19550,19500,19350,19300,19250,19200,19150,19100,12,86,321,53,214,59,1070,679,50,28,2572,4438,1,
054930,091852,1525911533.260118,19750,19800,19850,19900,20000,20050,20400,20450,20500,20750,301,708,400,176,524,1183,276,50,279,10,19650,19600,19550,19500,19350,19250,19200,19150,19100,19050,12,86,321,53,214,1070,679,50,28,1559,4072,3907,1,
054930,091901,1525911542.2316127,19800,19850,19900,20000,20050,20400,20450,20500,20750,20800,708,400,176,524,1183,276,50,279,10,500,19750,19650,19600,19550,19500,19350,19250,19200,19150,19100,199,17,86,321,53,214,1070,679,50,28,2717,4106,1,
054930,091901,1525911542.5765114,19850,19900,20000,20050,20400,20450,20500,20750,20800,20900,400,176,524,1183,276,50,279,10,500,196,19750,19650,19600,19550,19500,19350,19250,19200,19150,19100,199,17,86,321,53,214,1070,679,50,28,2717,3594,1,
054930,091903,1525911544.3095486,19850,19900,20000,20050,20400,20450,20500,20750,20800,20900,400,176,544,1183,276,50,279,10,500,196,19750,19650,19600,19550,19500,19350,19250,19200,19150,19100,199,17,86,321,53,214,1070,679,50,28,2717,3614,1,
054930,091903,1525911544.6538284,19900,20000,20050,20400,20450,20500,20750,20800,20900,20950,176,544,1183,276,50,279,10,500,196,96,19750,19650,19600,19550,19500,19350,19250,19200,19150,19100,199,17,86,321,53,214,1070,679,50,28,2717,3310,1,
054930,091904,1525911545.272587,19900,20000,20050,20400,20450,20500,20750,20800,20900,20950,89,544,1183,276,50,279,10,500,196,96,19750,19650,19600,19550,19500,19350,19250,19200,19150,19100,209,17,86,321,53,214,1070,679,50,28,2727,3223,1,
054930,091906,1525911547.5280693,19900,20000,20050,20400,20450,20500,20750,20800,20900,20950,89,544,1183,276,50,279,10,500,196,96,19750,19650,19600,19550,19500,19350,19300,19250,19200,19150,209,17,86,321,53,214,20,1070,679,50,2719,3223,1,
054930,091908,1525911549.6668758,20000,20050,20400,20450,20500,20750,20800,20900,20950,21000,510,1183,276,50,279,10,500,196,96,111,19750,19650,19600,19550,19500,19350,19300,19250,19200,19150,209,17,86,321,53,214,20,1070,679,50,2719,3211,1,
054930,091908,1525911549.9426482,20000,20050,20400,20450,20500,20750,20800,20900,20950,21000,510,1183,276,50,279,10,500,196,96,111,19750,19650,19600,19550,19500,19350,19300,19250,19200,19150,209,78,86,321,53,214,20,1009,679,50,2719,3211,1,
054930,091909,1525911551.0094771,20000,20050,20400,20450,20500,20750,20800,20900,20950,21000,510,1183,276,50,279,10,500,196,96,111,19750,19650,19600,19550,19500,19350,19300,19250,19200,19150,209,66,86,321,53,214,20,1009,679,50,2707,3211,1,
054930,091910,1525911551.508161,20000,20050,20400,20450,20500,20750,20800,20900,20950,21000,510,1183,276,50,279,10,500,196,96,111,19750,19650,19600,19550,19500,19350,19300,19250,19200,19100,209,66,86,321,53,214,20,1009,679,28,2685,3211,1,
054930,091912,1525911553.945692,20000,20050,20400,20450,20500,20750,20800,20900,20950,21000,510,1183,276,50,279,10,500,196,96,111,19800,19750,19650,19600,19550,19500,19350,19300,19250,19200,50,209,66,86,321,53,214,20,1009,679,2707,3211,1,
054930,091917,1525911558.3646147,20000,20050,20400,20450,20500,20750,20800,20900,20950,21000,491,1183,276,50,279,10,500,196,96,111,19800,19750,19650,19600,19550,19500,19350,19300,19250,19200,50,209,66,86,321,53,214,20,1009,679,2707,3192,1,
054930,091917,1525911559.0947077,19950,20000,20050,20400,20450,20500,20750,20800,20900,20950,10,491,1183,276,50,279,10,500,196,96,19800,19750,19650,19600,19550,19500,19350,19300,19250,19200,50,209,66,86,321,53,214,20,1009,679,2707,3091,1,
054930,091918,1525911559.2740993,20000,20050,20400,20450,20500,20750,20800,20900,20950,21000,491,1183,276,50,279,10,500,196,96,111,19800,19750,19650,19600,19550,19500,19350,19300,19250,19200,50,209,66,86,321,53,214,20,1009,679,2707,3192,1,
054930,091918,1525911559.491543,20000,20050,20400,20450,20500,20750,20800,20900,20950,21000,479,1183,276,50,279,10,500,196,96,111,19800,19750,19650,19600,19550,19500,19350,19300,19250,19200,50,209,66,86,321,53,214,20,1009,679,2707,3180,1,
054930,091918,1525911559.8881326,19950,20000,20050,20400,20450,20500,20750,20800,20900,20950,200,479,1183,276,50,279,10,500,196,96,19800,19750,19650,19600,19550,19500,19350,19300,19250,19200,50,209,66,86,321,53,214,20,1009,679,2707,3269,1,
054930,091919,1525911560.3478005,19950,20000,20050,20400,20450,20500,20750,20800,20900,20950,200,509,1183,276,50,279,10,500,196,96,19800,19750,19650,19600,19550,19500,19350,19300,19250,19200,50,209,66,86,321,53,214,20,1009,679,2707,3299,1,
054930,091919,1525911560.8503137,19950,20000,20050,20400,20450,20500,20750,20800,20900,20950,200,509,1183,276,50,279,10,500,196,96,19800,19750,19650,19600,19550,19500,19350,19300,19250,19200,50,299,66,86,321,53,214,20,1009,679,2797,3299,1,
054930,091923,1525911564.3424938,19950,20000,20050,20400,20450,20500,20750,20800,20900,20950,200,509,1183,276,50,279,10,500,196,96,19800,19750,19650,19600,19550,19500,19450,19350,19300,19250,50,299,66,86,321,53,32,214,20,1009,2150,3299,1,
054930,091923,1525911565.0155666,19950,20000,20050,20400,20450,20500,20750,20800,20900,20950,200,509,1183,276,50,279,10,500,196,96,19800,19750,19650,19600,19550,19500,19450,19350,19300,19250,58,299,66,86,321,53,32,214,20,1009,2158,3299,1,
054930,091924,1525911565.2440448,19950,20000,20050,20400,20450,20500,20750,20800,20900,20950,190,509,1183,276,50,279,10,500,196,96,19800,19750,19650,19600,19550,19500,19450,19350,19300,19250,58,299,66,86,321,53,32,214,20,1009,2158,3289,1,
054930,091924,1525911565.8121693,20000,20050,20400,20450,20500,20750,20800,20900,20950,21000,509,1183,276,50,279,10,500,196,96,111,19950,19800,19750,19650,19600,19550,19500,19450,19350,19300,489,58,299,66,86,321,53,32,214,20,1638,3210,1,
054930,091925,1525911566.2676752,20000,20050,20400,20450,20500,20750,20800,20900,20950,21000,509,1183,276,50,279,10,500,196,96,111,19950,19800,19750,19650,19600,19550,19500,19450,19350,19300,499,58,299,66,86,321,53,32,214,20,1648,3210,1,
054930,091926,1525911567.6828647,20050,20400,20450,20500,20750,20800,20900,20950,21000,21100,692,276,50,279,10,500,196,96,111,8,19950,19800,19750,19650,19600,19550,19500,19450,19350,19300,499,58,299,66,86,321,53,32,214,20,1648,2218,1,
054930,091927,1525911568.4034874,20400,20450,20500,20750,20800,20900,20950,21000,21100,21200,276,50,279,10,500,196,96,111,8,600,20050,19950,19800,19750,19650,19600,19550,19500,19450,19350,16,499,58,299,66,86,321,53,32,214,1644,2126,1,
054930,091927,1525911568.7497344,20400,20450,20500,20750,20800,20900,20950,21000,21100,21200,276,50,279,10,500,196,96,111,8,600,20050,20000,19950,19800,19750,19650,19600,19550,19500,19450,16,220,499,58,299,5,86,321,53,32,1589,2126,1,
054930,091927,1525911569.0251386,20200,20400,20450,20500,20750,20800,20900,20950,21000,21100,20,276,50,279,10,500,196,96,111,8,20100,20050,20000,19950,19800,19750,19650,19600,19550,19500,50,16,220,499,58,299,5,86,321,53,1607,1546,1,
054930,091928,1525911569.3089178,20200,20400,20450,20500,20750,20800,20900,20950,21000,21100,10,276,50,279,10,500,196,96,111,8,20100,20050,20000,19950,19800,19750,19650,19600,19550,19500,50,16,91,499,58,299,5,86,321,53,1478,1536,1,
054930,091929,1525911570.7093813,20200,20400,20450,20500,20750,20800,20900,20950,21000,21100,10,276,50,279,10,500,196,96,111,8,20100,20000,19950,19800,19750,19650,19600,19550,19500,19350,50,91,499,58,299,5,86,321,53,214,1676,1536,1,
054930,091929,1525911570.8866148,20200,20400,20450,20500,20750,20800,20900,20950,21000,21100,10,276,50,279,10,500,196,96,111,8,20100,20000,19950,19800,19750,19650,19600,19550,19500,19350,50,201,499,58,299,5,86,321,53,214,1786,1536,1,
054930,091930,1525911571.6264932,20400,20450,20500,20750,20800,20900,20950,21000,21100,21200,276,50,279,10,500,196,96,111,8,600,20200,20100,20000,19950,19800,19750,19650,19600,19550,19500,45,50,201,499,58,299,5,86,321,53,1617,2126,1,
054930,091930,1525911571.7917619,20400,20450,20500,20750,20800,20900,20950,21000,21100,21200,276,50,279,10,500,196,96,111,8,600,20200,20100,20050,20000,19950,19800,19750,19650,19600,19550,45,50,24,201,499,58,299,5,86,321,1588,2126,1,
054930,091931,1525911572.190333,20400,20450,20500,20750,20800,20900,20950,21000,21100,21200,276,50,279,10,500,196,96,111,8,600,20200,20100,20050,20000,19950,19800,19750,19650,19600,19550,45,50,24,201,499,58,299,5,86,321,1588,2126,1,
054930,091931,1525911572.4257069,20400,20450,20500,20750,20800,20900,20950,21000,21100,21200,276,50,279,10,500,196,96,111,8,600,20200,20050,20000,19950,19800,19750,19650,19600,19550,19500,45,74,201,499,58,299,5,86,321,73,1661,2126,1,
054930,091932,1525911573.2563288,20400,20450,20500,20750,20800,20900,20950,21000,21100,21200,276,50,279,10,500,196,96,111,8,600,20200,20050,20000,19950,19800,19750,19650,19600,19550,19500,44,74,201,499,58,299,5,86,321,73,1660,2126,1,
054930,091932,1525911573.8772914,20400,20450,20500,20750,20800,20900,20950,21000,21100,21200,276,50,279,10,500,196,96,111,8,600,20200,20050,20000,19950,19800,19750,19650,19600,19550,19500,52,74,201,499,58,299,5,86,353,73,1700,2126,1,
054930,091933,1525911574.666574,20400,20450,20500,20750,20800,20900,20950,21000,21100,21200,476,50,279,10,500,196,96,111,8,600,20200,20050,20000,19950,19800,19750,19650,19600,19550,19500,52,74,201,499,58,299,5,86,353,73,1700,2326,1,
054930,091933,1525911575.1151307,20400,20450,20500,20750,20800,20900,20950,21000,21100,21200,476,50,279,10,500,196,96,111,8,600,20200,20050,20000,19950,19800,19750,19650,19600,19550,19500,52,74,217,499,58,299,5,86,353,73,1716,2326,1,
054930,091934,1525911575.2994847,20400,20450,20500,20750,20800,20900,20950,21000,21100,21200,476,50,279,10,500,196,96,111,8,600,20200,20050,20000,19950,19800,19750,19700,19650,19600,19550,52,74,217,499,58,299,10,5,86,353,1653,2326,1,
054930,091934,1525911575.8481963,20400,20450,20500,20750,20800,20900,20950,21000,21100,21200,476,50,279,10,500,196,96,111,8,600,20200,20050,20000,19950,19800,19750,19700,19650,19600,19550,32,74,217,499,58,299,10,5,86,353,1633,2326,1,
054930,091934,1525911576.1366403,20400,20450,20500,20750,20800,20900,20950,21000,21100,21200,476,50,279,10,500,196,96,111,8,600,20200,20050,20000,19950,19850,19800,19750,19700,19650,19600,32,74,217,499,30,58,299,10,5,86,1310,2326,1,
054930,091937,1525911578.3810833,20400,20450,20500,20750,20800,20900,20950,21000,21100,21200,496,50,279,10,500,196,96,111,8,600,20200,20050,20000,19950,19850,19800,19750,19700,19650,19600,32,74,217,499,30,58,299,10,5,86,1310,2346,1,
054930,091937,1525911578.6034884,20400,20450,20500,20750,20800,20900,20950,21000,21100,21200,496,50,279,10,500,196,96,111,8,600,20200,20050,20000,19950,19850,19800,19750,19700,19650,19600,32,24,217,499,30,58,299,10,5,86,1260,2346,1,
054930,091939,1525911580.5711365,20350,20400,20450,20500,20750,20800,20900,20950,21000,21100,10,496,50,279,10,500,196,96,111,8,20200,20050,20000,19950,19850,19800,19750,19700,19650,19600,32,24,217,499,30,58,299,10,5,86,1260,1756,1,
054930,091939,1525911580.7963927,20350,20400,20450,20500,20750,20800,20900,20950,21000,21100,10,496,250,279,10,500,196,96,111,8,20200,20050,20000,19950,19850,19800,19750,19700,19650,19600,32,24,217,499,30,58,299,10,5,86,1260,1956,1,
054930,091940,1525911581.527794,20350,20400,20450,20500,20750,20800,20900,20950,21000,21100,10,496,250,279,10,500,196,96,111,8,20200,20050,20000,19950,19850,19800,19750,19700,19650,19600,32,24,217,499,30,58,299,20,5,86,1270,1956,1,
054930,091940,1525911581.9246016,20350,20400,20450,20500,20750,20800,20900,20950,21000,21100,10,496,250,279,10,500,196,96,111,8,20200,20050,20000,19950,19850,19800,19750,19700,19650,19600,48,24,217,499,30,58,299,20,5,86,1286,1956,1,
054930,091941,1525911582.52553,20350,20400,20450,20500,20750,20800,20900,20950,21000,21100,31,496,250,279,10,500,196,96,111,8,20200,20050,20000,19950,19850,19800,19750,19700,19650,19600,48,24,217,499,30,58,299,20,5,86,1286,1977,1,
054930,091945,1525911587.1001468,20350,20400,20450,20500,20750,20800,20900,20950,21000,21100,41,496,250,279,10,500,196,96,111,8,20200,20050,20000,19950,19850,19800,19750,19700,19650,19600,48,24,217,499,30,58,299,20,5,86,1286,1987,1,
054930,091947,1525911588.7875738,20350,20400,20450,20500,20750,20800,20900,20950,21000,21100,41,509,250,279,10,500,196,96,111,8,20050,20000,19950,19850,19800,19750,19700,19650,19600,19550,11,217,499,30,58,299,20,5,86,321,1546,2000,1,
054930,091947,1525911588.9577363,20300,20350,20400,20450,20500,20750,20800,20900,20950,21000,13,41,496,250,279,10,500,196,96,111,20050,20000,19950,19850,19800,19750,19700,19650,19600,19550,11,217,499,30,58,299,20,5,86,321,1546,1992,1,
054930,091948,1525911589.125376,20250,20350,20400,20450,20500,20750,20800,20900,20950,21000,13,41,496,250,279,10,500,196,96,111,20050,20000,19950,19850,19800,19750,19700,19650,19600,19550,50,217,499,30,58,299,20,5,86,321,1585,1992,1,
054930,091948,1525911589.4668612,20250,20350,20400,20450,20500,20750,20800,20900,20950,21000,13,61,496,250,279,10,500,196,96,111,20050,20000,19950,19850,19800,19750,19700,19650,19600,19550,50,217,499,30,58,299,20,5,86,321,1585,2012,1,
054930,091952,1525911593.4705536,20250,20350,20400,20450,20500,20750,20800,20900,20950,21000,13,40,496,250,279,10,500,196,96,111,20050,20000,19950,19850,19800,19750,19700,19650,19600,19550,50,217,499,30,58,299,20,5,86,321,1585,1991,1,
