100660,083010,1525908611.1715193,6750,6760,6780,0,0,0,0,0,0,0,2970,100,350,0,0,0,0,0,0,0,6700,6550,6450,0,0,0,0,0,0,0,200,1000,1000,0,0,0,0,0,0,0,0,0,3,
100660,083010,1525908612.0811546,6750,6760,6780,0,0,0,0,0,0,0,2970,100,350,0,0,0,0,0,0,0,6700,6550,6450,0,0,0,0,0,0,0,200,1000,1000,0,0,0,0,0,0,0,0,0,3,
100660,083013,1525908614.1616106,6750,6760,6780,0,0,0,0,0,0,0,2970,100,350,0,0,0,0,0,0,0,6700,6550,6450,0,0,0,0,0,0,0,26530,1000,1000,0,0,0,0,0,0,0,0,0,3,
100660,083025,1525908626.3018527,6750,6760,6780,0,0,0,0,0,0,0,2970,100,350,0,0,0,0,0,0,0,6700,6550,6450,0,0,0,0,0,0,0,26530,1000,1000,0,0,0,0,0,0,0,0,0,3,
100660,083028,1525908629.2797017,6750,6760,6780,0,0,0,0,0,0,0,2970,100,350,0,0,0,0,0,0,0,6700,6550,6450,0,0,0,0,0,0,0,26530,1000,1000,0,0,0,0,0,0,0,0,0,3,
100660,083031,1525908632.5278873,6750,6760,6780,0,0,0,0,0,0,0,2970,100,350,0,0,0,0,0,0,0,6700,6550,6450,0,0,0,0,0,0,0,26530,1000,1000,0,0,0,0,0,0,0,0,0,3,
100660,083031,1525908632.8486068,6750,6760,6780,0,0,0,0,0,0,0,2970,100,350,0,0,0,0,0,0,0,6700,6550,6450,0,0,0,0,0,0,0,26530,1000,1000,0,0,0,0,0,0,0,0,0,3,
100660,083038,1525908640.0943923,6750,6760,6780,0,0,0,0,0,0,0,2970,100,350,0,0,0,0,0,0,0,6700,6550,6450,0,0,0,0,0,0,0,26530,1000,1000,0,0,0,0,0,0,0,0,0,3,
100660,083048,1525908649.2956634,6750,6760,6780,0,0,0,0,0,0,0,2970,100,350,0,0,0,0,0,0,0,6700,6550,6450,0,0,0,0,0,0,0,26530,1000,1000,0,0,0,0,0,0,0,0,0,3,
100660,083057,1525908658.673405,6750,6760,6780,0,0,0,0,0,0,0,2970,100,350,0,0,0,0,0,0,0,6700,6550,6450,0,0,0,0,0,0,0,26530,1000,1000,0,0,0,0,0,0,0,0,0,3,
100660,083100,1525908661.4994779,6750,6760,6780,0,0,0,0,0,0,0,2970,100,350,0,0,0,0,0,0,0,6700,6550,6450,0,0,0,0,0,0,0,26530,1000,1000,0,0,0,0,0,0,0,0,0,3,
100660,083103,1525908664.2685618,6750,6760,6780,0,0,0,0,0,0,0,2970,100,350,0,0,0,0,0,0,0,6700,6550,6450,0,0,0,0,0,0,0,26530,1000,1000,0,0,0,0,0,0,0,0,0,3,
100660,083111,1525908672.197295,6750,6760,6780,0,0,0,0,0,0,0,2970,100,350,0,0,0,0,0,0,0,6700,6550,6450,0,0,0,0,0,0,0,200,1000,1000,0,0,0,0,0,0,0,0,0,3,
100660,083118,1525908680.0834234,6750,6760,6780,0,0,0,0,0,0,0,2970,100,450,0,0,0,0,0,0,0,6700,6550,6450,0,0,0,0,0,0,0,200,1000,1000,0,0,0,0,0,0,0,0,0,3,
100660,083120,1525908681.408111,6750,6760,6780,0,0,0,0,0,0,0,2970,100,450,0,0,0,0,0,0,0,6700,6550,6450,0,0,0,0,0,0,0,200,1000,1000,0,0,0,0,0,0,0,0,0,3,
100660,083121,1525908682.69454,6750,6760,6780,0,0,0,0,0,0,0,2971,100,450,0,0,0,0,0,0,0,6700,6550,6450,0,0,0,0,0,0,0,200,1000,1000,0,0,0,0,0,0,0,0,0,3,
100660,083129,1525908690.9517322,6750,6760,6780,0,0,0,0,0,0,0,2821,100,450,0,0,0,0,0,0,0,6700,6550,6450,0,0,0,0,0,0,0,200,1000,1000,0,0,0,0,0,0,0,0,0,3,
100660,083134,1525908695.8549478,6750,6760,6780,0,0,0,0,0,0,0,2845,100,450,0,0,0,0,0,0,0,6700,6550,6450,0,0,0,0,0,0,0,200,1000,1000,0,0,0,0,0,0,0,0,0,3,
100660,083136,1525908697.2913377,6750,6760,6780,0,0,0,0,0,0,0,2845,100,450,0,0,0,0,0,0,0,6700,6550,6450,0,0,0,0,0,0,0,200,1000,1420,0,0,0,0,0,0,0,0,0,3,
100660,083144,1525908705.2868774,6750,6760,6780,0,0,0,0,0,0,0,3045,100,450,0,0,0,0,0,0,0,6700,6550,6450,0,0,0,0,0,0,0,200,1000,1420,0,0,0,0,0,0,0,0,0,3,
100660,083146,1525908708.160808,6750,6760,6780,0,0,0,0,0,0,0,3045,100,450,0,0,0,0,0,0,0,6700,6550,6450,0,0,0,0,0,0,0,200,1000,1000,0,0,0,0,0,0,0,0,0,3,
100660,083149,1525908710.4510324,6750,6760,6780,0,0,0,0,0,0,0,1045,100,450,0,0,0,0,0,0,0,6700,6550,6450,0,0,0,0,0,0,0,200,1000,1000,0,0,0,0,0,0,0,0,0,3,
100660,083150,1525908712.1011233,6750,6760,6780,0,0,0,0,0,0,0,1345,100,450,0,0,0,0,0,0,0,6700,6550,6450,0,0,0,0,0,0,0,200,1000,1000,0,0,0,0,0,0,0,0,0,3,
100660,083157,1525908718.9738276,6750,6760,6780,0,0,0,0,0,0,0,1445,100,450,0,0,0,0,0,0,0,6700,6550,6450,0,0,0,0,0,0,0,200,1000,1000,0,0,0,0,0,0,0,0,0,3,
100660,083205,1525908726.2166097,6750,6760,6780,0,0,0,0,0,0,0,1445,100,450,0,0,0,0,0,0,0,6700,6550,6450,0,0,0,0,0,0,0,200,1000,1000,0,0,0,0,0,0,0,0,0,3,
100660,083205,1525908726.803419,6750,6760,6780,0,0,0,0,0,0,0,1445,100,450,0,0,0,0,0,0,0,6700,6550,6450,0,0,0,0,0,0,0,200,1000,1000,0,0,0,0,0,0,0,0,0,3,
100660,083206,1525908727.1752439,6750,6760,6780,0,0,0,0,0,0,0,1445,100,450,0,0,0,0,0,0,0,6700,6550,6450,0,0,0,0,0,0,0,200,1000,1000,0,0,0,0,0,0,0,0,0,3,
100660,083217,1525908739.0026977,6750,6760,6780,0,0,0,0,0,0,0,1445,100,450,0,0,0,0,0,0,0,6700,6550,6450,0,0,0,0,0,0,0,200,1000,1000,0,0,0,0,0,0,0,0,0,3,
100660,083217,1525908739.0567985,6750,6760,6780,0,0,0,0,0,0,0,1445,100,450,0,0,0,0,0,0,0,6700,6550,6450,0,0,0,0,0,0,0,200,1000,1000,0,0,0,0,0,0,0,0,0,3,
100660,083228,1525908749.2830336,6750,6760,6780,0,0,0,0,0,0,0,1445,100,450,0,0,0,0,0,0,0,6700,6550,6450,0,0,0,0,0,0,0,200,1000,1000,0,0,0,0,0,0,0,0,0,3,
100660,083239,1525908760.2050695,6750,6760,6780,0,0,0,0,0,0,0,1445,100,450,0,0,0,0,0,0,0,6700,6550,6450,0,0,0,0,0,0,0,200,1000,1000,0,0,0,0,0,0,0,0,0,3,
100660,083242,1525908763.9872012,6750,6760,6780,0,0,0,0,0,0,0,1657,100,450,0,0,0,0,0,0,0,6700,6550,6450,0,0,0,0,0,0,0,200,1000,1000,0,0,0,0,0,0,0,0,0,3,
100660,083245,1525908766.8707387,6750,6760,6780,0,0,0,0,0,0,0,1657,100,450,0,0,0,0,0,0,0,6700,6550,6450,0,0,0,0,0,0,0,200,1000,1000,0,0,0,0,0,0,0,0,0,3,
100660,083249,1525908770.5991838,6750,6760,6780,0,0,0,0,0,0,0,2177,100,450,0,0,0,0,0,0,0,6700,6550,6450,0,0,0,0,0,0,0,200,1000,1000,0,0,0,0,0,0,0,0,0,3,
100660,083251,1525908772.4647918,6750,6760,6780,0,0,0,0,0,0,0,2118,100,450,0,0,0,0,0,0,0,6700,6550,6450,0,0,0,0,0,0,0,200,1000,1000,0,0,0,0,0,0,0,0,0,3,
100660,083252,1525908773.6883507,6750,6760,6780,0,0,0,0,0,0,0,2618,100,450,0,0,0,0,0,0,0,6700,6550,6450,0,0,0,0,0,0,0,200,1000,1000,0,0,0,0,0,0,0,0,0,3,
100660,083255,1525908776.253644,6750,6760,6780,0,0,0,0,0,0,0,2618,100,450,0,0,0,0,0,0,0,6700,6550,6450,0,0,0,0,0,0,0,200,1000,1000,0,0,0,0,0,0,0,0,0,3,
100660,083255,1525908776.519954,6750,6760,6780,0,0,0,0,0,0,0,2618,100,450,0,0,0,0,0,0,0,6700,6550,6450,0,0,0,0,0,0,0,200,1000,1420,0,0,0,0,0,0,0,0,0,3,
100660,083257,1525908779.0210738,6750,6760,6780,0,0,0,0,0,0,0,2618,100,450,0,0,0,0,0,0,0,6700,6550,6450,0,0,0,0,0,0,0,200,1000,1420,0,0,0,0,0,0,0,0,0,3,
100660,083303,1525908784.9927049,6750,6760,6780,0,0,0,0,0,0,0,2618,100,450,0,0,0,0,0,0,0,6700,6550,6450,0,0,0,0,0,0,0,200,1000,1420,0,0,0,0,0,0,0,0,0,3,
100660,083303,1525908785.046788,6750,6760,6780,0,0,0,0,0,0,0,2618,100,450,0,0,0,0,0,0,0,6700,6550,6450,0,0,0,0,0,0,0,200,1000,1420,0,0,0,0,0,0,0,0,0,3,
100660,083312,1525908793.523809,6750,6760,6780,0,0,0,0,0,0,0,2518,100,450,0,0,0,0,0,0,0,6700,6550,6450,0,0,0,0,0,0,0,200,1000,1420,0,0,0,0,0,0,0,0,0,3,
100660,083315,1525908796.8297653,6750,6760,6780,0,0,0,0,0,0,0,2518,100,450,0,0,0,0,0,0,0,6700,6550,6450,0,0,0,0,0,0,0,200,1000,1420,0,0,0,0,0,0,0,0,0,3,
100660,083316,1525908797.5218303,6750,6760,6780,0,0,0,0,0,0,0,2518,100,450,0,0,0,0,0,0,0,6700,6550,6450,0,0,0,0,0,0,0,200,1000,1420,0,0,0,0,0,0,0,0,0,3,
100660,083316,1525908797.7876015,6750,6760,6780,0,0,0,0,0,0,0,2527,100,450,0,0,0,0,0,0,0,6700,6550,6450,0,0,0,0,0,0,0,200,1000,1420,0,0,0,0,0,0,0,0,0,3,
100660,083318,1525908799.9785595,6750,6760,6780,0,0,0,0,0,0,0,2855,100,450,0,0,0,0,0,0,0,6700,6550,6450,0,0,0,0,0,0,0,200,1000,1420,0,0,0,0,0,0,0,0,0,3,
100660,083322,1525908804.082774,6750,6760,6780,0,0,0,0,0,0,0,2855,100,450,0,0,0,0,0,0,0,6700,6550,6450,0,0,0,0,0,0,0,200,1000,1000,0,0,0,0,0,0,0,0,0,3,
100660,083323,1525908804.5068834,6750,6760,6780,0,0,0,0,0,0,0,2855,100,450,0,0,0,0,0,0,0,6700,6550,6450,0,0,0,0,0,0,0,200,1000,1000,0,0,0,0,0,0,0,0,0,3,
100660,083329,1525908810.2069075,6750,6760,6780,0,0,0,0,0,0,0,5755,100,450,0,0,0,0,0,0,0,6700,6550,6450,0,0,0,0,0,0,0,200,1000,1000,0,0,0,0,0,0,0,0,0,3,
100660,083335,1525908816.925402,6750,6760,6780,0,0,0,0,0,0,0,5755,100,450,0,0,0,0,0,0,0,6700,6550,6450,0,0,0,0,0,0,0,200,1000,1000,0,0,0,0,0,0,0,0,0,3,
100660,083335,1525908817.034622,6750,6760,6780,0,0,0,0,0,0,0,5781,100,450,0,0,0,0,0,0,0,6700,6550,6450,0,0,0,0,0,0,0,200,1000,1000,0,0,0,0,0,0,0,0,0,3,
100660,083336,1525908817.247841,6750,6760,6780,0,0,0,0,0,0,0,5453,100,450,0,0,0,0,0,0,0,6700,6550,6450,0,0,0,0,0,0,0,200,1000,1000,0,0,0,0,0,0,0,0,0,3,
100660,083344,1525908826.0423155,6750,6760,6780,0,0,0,0,0,0,0,5453,100,450,0,0,0,0,0,0,0,6700,6550,6450,0,0,0,0,0,0,0,200,1000,1000,0,0,0,0,0,0,0,0,0,3,
100660,083351,1525908832.8087208,6750,6760,6780,0,0,0,0,0,0,0,5553,100,450,0,0,0,0,0,0,0,6700,6550,6450,0,0,0,0,0,0,0,200,1000,1000,0,0,0,0,0,0,0,0,0,3,
100660,083414,1525908855.6796792,6750,6760,6780,0,0,0,0,0,0,0,5552,100,450,0,0,0,0,0,0,0,6700,6550,6450,0,0,0,0,0,0,0,200,1000,1000,0,0,0,0,0,0,0,0,0,3,
100660,083422,1525908863.834282,6750,6760,6780,0,0,0,0,0,0,0,5552,100,450,0,0,0,0,0,0,0,6700,6550,6450,0,0,0,0,0,0,0,200,1000,1000,0,0,0,0,0,0,0,0,0,3,
100660,083426,1525908868.0997505,6750,6760,6780,0,0,0,0,0,0,0,5552,100,450,0,0,0,0,0,0,0,6700,6550,6450,0,0,0,0,0,0,0,200,1000,1000,0,0,0,0,0,0,0,0,0,3,
100660,083427,1525908869.111694,6750,6760,6780,0,0,0,0,0,0,0,5452,100,450,0,0,0,0,0,0,0,6700,6550,6450,0,0,0,0,0,0,0,200,1000,1000,0,0,0,0,0,0,0,0,0,3,
100660,083431,1525908872.4678717,6750,6760,6780,0,0,0,0,0,0,0,5452,100,450,0,0,0,0,0,0,0,6700,6550,6450,0,0,0,0,0,0,0,200,1000,1000,0,0,0,0,0,0,0,0,0,3,
100660,083432,1525908874.1216688,6750,6760,6780,0,0,0,0,0,0,0,5452,100,450,0,0,0,0,0,0,0,6700,6550,6450,0,0,0,0,0,0,0,200,1000,1000,0,0,0,0,0,0,0,0,0,3,
100660,083434,1525908875.3485947,6740,6750,6760,0,0,0,0,0,0,0,1519,3933,100,0,0,0,0,0,0,0,6700,6550,6450,0,0,0,0,0,0,0,200,1000,1000,0,0,0,0,0,0,0,0,0,3,
100660,083436,1525908877.752943,6740,6750,6760,0,0,0,0,0,0,0,1519,3933,100,0,0,0,0,0,0,0,6700,6550,6450,0,0,0,0,0,0,0,200,1000,1000,0,0,0,0,0,0,0,0,0,3,
100660,083437,1525908878.9823875,6740,6750,6760,0,0,0,0,0,0,0,1619,3933,100,0,0,0,0,0,0,0,6700,6550,6450,0,0,0,0,0,0,0,200,1000,1000,0,0,0,0,0,0,0,0,0,3,
100660,083438,1525908879.9993622,6740,6750,6760,0,0,0,0,0,0,0,1619,3933,100,0,0,0,0,0,0,0,6700,6550,6450,0,0,0,0,0,0,0,200,1000,1000,0,0,0,0,0,0,0,0,0,3,
100660,083441,1525908882.2004585,6740,6750,6760,0,0,0,0,0,0,0,1619,3933,100,0,0,0,0,0,0,0,6700,6550,6450,0,0,0,0,0,0,0,200,1000,1000,0,0,0,0,0,0,0,0,0,3,
100660,083448,1525908889.8499947,6740,6750,6760,0,0,0,0,0,0,0,1619,3933,100,0,0,0,0,0,0,0,6700,6550,6450,0,0,0,0,0,0,0,200,1000,1000,0,0,0,0,0,0,0,0,0,3,
100660,083452,1525908893.9558878,6740,6750,6760,0,0,0,0,0,0,0,1619,3933,100,0,0,0,0,0,0,0,6700,6550,6450,0,0,0,0,0,0,0,200,1000,1000,0,0,0,0,0,0,0,0,0,3,
100660,083454,1525908895.6629417,6740,6750,6760,0,0,0,0,0,0,0,1629,3933,100,0,0,0,0,0,0,0,6700,6550,6450,0,0,0,0,0,0,0,210,1000,1000,0,0,0,0,0,0,0,0,0,3,
100660,083516,1525908917.9316542,6740,6750,6760,0,0,0,0,0,0,0,1629,3933,100,0,0,0,0,0,0,0,6700,6550,6450,0,0,0,0,0,0,0,210,1000,1000,0,0,0,0,0,0,0,0,0,3,
100660,083521,1525908922.404139,6740,6750,6760,0,0,0,0,0,0,0,1629,3933,100,0,0,0,0,0,0,0,6700,6550,6450,0,0,0,0,0,0,0,210,1000,1000,0,0,0,0,0,0,0,0,0,3,
100660,083534,1525908936.0965226,6740,6750,6760,0,0,0,0,0,0,0,1629,3933,100,0,0,0,0,0,0,0,6700,6550,6450,0,0,0,0,0,0,0,410,1000,1000,0,0,0,0,0,0,0,0,0,3,
100660,083537,1525908938.4392095,6740,6750,6760,0,0,0,0,0,0,0,2129,3933,100,0,0,0,0,0,0,0,6700,6550,6450,0,0,0,0,0,0,0,410,1000,1000,0,0,0,0,0,0,0,0,0,3,
100660,083538,1525908939.39818,6740,6750,6760,0,0,0,0,0,0,0,2129,3933,100,0,0,0,0,0,0,0,6700,6550,6450,0,0,0,0,0,0,0,411,1000,1000,0,0,0,0,0,0,0,0,0,3,
100660,083543,1525908944.2406738,6740,6750,6760,0,0,0,0,0,0,0,2129,3933,100,0,0,0,0,0,0,0,6700,6550,6450,0,0,0,0,0,0,0,411,1000,1000,0,0,0,0,0,0,0,0,0,3,
100660,083545,1525908946.847582,6740,6750,6760,0,0,0,0,0,0,0,2129,3933,100,0,0,0,0,0,0,0,6700,6550,6450,0,0,0,0,0,0,0,410,1000,1000,0,0,0,0,0,0,0,0,0,3,
100660,083551,1525908952.3075883,6740,6750,6760,0,0,0,0,0,0,0,2151,3933,100,0,0,0,0,0,0,0,6700,6550,6450,0,0,0,0,0,0,0,410,1000,1000,0,0,0,0,0,0,0,0,0,3,
100660,083606,1525908967.6057847,6740,6750,6760,0,0,0,0,0,0,0,2173,3933,100,0,0,0,0,0,0,0,6700,6550,6450,0,0,0,0,0,0,0,410,1000,1000,0,0,0,0,0,0,0,0,0,3,
100660,083608,1525908969.315608,6740,6750,6760,0,0,0,0,0,0,0,2173,3933,100,0,0,0,0,0,0,0,6700,6550,6450,0,0,0,0,0,0,0,410,1000,1000,0,0,0,0,0,0,0,0,0,3,
100660,083611,1525908972.2432947,6740,6750,6760,0,0,0,0,0,0,0,2173,3933,100,0,0,0,0,0,0,0,6700,6550,6450,0,0,0,0,0,0,0,410,1000,1000,0,0,0,0,0,0,0,0,0,3,
100660,083612,1525908973.7900362,6710,6720,6730,0,0,0,0,0,0,0,300,500,50,0,0,0,0,0,0,0,6700,6550,6450,0,0,0,0,0,0,0,337,1000,1000,0,0,0,0,0,0,0,0,0,3,
100660,083612,1525908973.8431156,6700,6710,6720,0,0,0,0,0,0,0,663,300,500,0,0,0,0,0,0,0,6550,6450,6420,0,0,0,0,0,0,0,1000,1000,967,0,0,0,0,0,0,0,0,0,3,
100660,083621,1525908982.424192,6700,6710,6720,0,0,0,0,0,0,0,664,300,500,0,0,0,0,0,0,0,6550,6450,6420,0,0,0,0,0,0,0,1000,1000,967,0,0,0,0,0,0,0,0,0,3,
100660,083622,1525908983.2631161,6700,6710,6720,0,0,0,0,0,0,0,687,300,500,0,0,0,0,0,0,0,6550,6450,6420,0,0,0,0,0,0,0,1000,1000,967,0,0,0,0,0,0,0,0,0,3,
100660,083631,1525908992.8218355,6700,6710,6720,0,0,0,0,0,0,0,687,300,500,0,0,0,0,0,0,0,6550,6450,6420,0,0,0,0,0,0,0,1000,1000,967,0,0,0,0,0,0,0,0,0,3,
100660,083631,1525908993.032323,6700,6710,6720,0,0,0,0,0,0,0,687,300,500,0,0,0,0,0,0,0,6550,6450,6420,0,0,0,0,0,0,0,1000,1000,967,0,0,0,0,0,0,0,0,0,3,
100660,083634,1525908995.329595,6700,6710,6720,0,0,0,0,0,0,0,687,300,500,0,0,0,0,0,0,0,6550,6450,6420,0,0,0,0,0,0,0,1000,1000,967,0,0,0,0,0,0,0,0,0,3,
100660,083634,1525908995.8064365,6700,6710,6720,0,0,0,0,0,0,0,687,300,500,0,0,0,0,0,0,0,6550,6450,6430,0,0,0,0,0,0,0,1000,1000,2,0,0,0,0,0,0,0,0,0,3,
100660,083637,1525908998.4144335,6700,6710,6720,0,0,0,0,0,0,0,687,300,500,0,0,0,0,0,0,0,6550,6450,6430,0,0,0,0,0,0,0,1000,1000,2,0,0,0,0,0,0,0,0,0,3,
100660,083637,1525908998.7883208,6700,6710,6720,0,0,0,0,0,0,0,687,300,500,0,0,0,0,0,0,0,6550,6450,6430,0,0,0,0,0,0,0,1000,1000,2,0,0,0,0,0,0,0,0,0,3,
100660,083642,1525909003.3622055,6700,6710,6720,0,0,0,0,0,0,0,687,300,500,0,0,0,0,0,0,0,6550,6450,6430,0,0,0,0,0,0,0,1000,1000,2,0,0,0,0,0,0,0,0,0,3,
100660,083643,1525909004.5480514,6700,6710,6720,0,0,0,0,0,0,0,687,300,500,0,0,0,0,0,0,0,6550,6450,6430,0,0,0,0,0,0,0,1000,1000,2,0,0,0,0,0,0,0,0,0,3,
100660,083643,1525909004.6543415,6700,6710,6720,0,0,0,0,0,0,0,687,300,500,0,0,0,0,0,0,0,6550,6450,6430,0,0,0,0,0,0,0,1000,1000,2,0,0,0,0,0,0,0,0,0,3,
100660,083649,1525909010.9283764,6700,6710,6720,0,0,0,0,0,0,0,686,300,500,0,0,0,0,0,0,0,6550,6450,6430,0,0,0,0,0,0,0,1000,1000,2,0,0,0,0,0,0,0,0,0,3,
100660,083654,1525909015.6911352,6700,6710,6720,0,0,0,0,0,0,0,686,300,510,0,0,0,0,0,0,0,6550,6450,6430,0,0,0,0,0,0,0,1000,1000,2,0,0,0,0,0,0,0,0,0,3,
100660,083654,1525909015.7441635,6700,6710,6720,0,0,0,0,0,0,0,745,300,510,0,0,0,0,0,0,0,6550,6450,6430,0,0,0,0,0,0,0,1000,1000,2,0,0,0,0,0,0,0,0,0,3,
100660,083658,1525909019.2614646,6700,6710,6720,0,0,0,0,0,0,0,745,300,510,0,0,0,0,0,0,0,6550,6450,6430,0,0,0,0,0,0,0,1000,1000,2,0,0,0,0,0,0,0,0,0,3,
100660,083700,1525909022.026388,6700,6710,6720,0,0,0,0,0,0,0,745,300,510,0,0,0,0,0,0,0,6550,6450,6430,0,0,0,0,0,0,0,1000,1000,2,0,0,0,0,0,0,0,0,0,3,
100660,083717,1525909038.3435342,6700,6710,6720,0,0,0,0,0,0,0,745,300,510,0,0,0,0,0,0,0,6550,6450,6430,0,0,0,0,0,0,0,1000,1000,2,0,0,0,0,0,0,0,0,0,3,
100660,083719,1525909040.811796,6700,6710,6720,0,0,0,0,0,0,0,745,300,510,0,0,0,0,0,0,0,6550,6450,6430,0,0,0,0,0,0,0,1000,1000,2,0,0,0,0,0,0,0,0,0,3,
100660,083721,1525909042.9387264,6700,6710,6720,0,0,0,0,0,0,0,745,300,510,0,0,0,0,0,0,0,6550,6450,6430,0,0,0,0,0,0,0,1000,1000,2,0,0,0,0,0,0,0,0,0,3,
100660,083727,1525909048.4824753,6700,6710,6720,0,0,0,0,0,0,0,745,300,510,0,0,0,0,0,0,0,6550,6450,6430,0,0,0,0,0,0,0,1000,1000,2,0,0,0,0,0,0,0,0,0,3,
100660,083728,1525909049.3266466,6700,6710,6720,0,0,0,0,0,0,0,745,300,510,0,0,0,0,0,0,0,6550,6450,6430,0,0,0,0,0,0,0,1000,1000,2,0,0,0,0,0,0,0,0,0,3,
100660,083733,1525909054.709752,6700,6710,6720,0,0,0,0,0,0,0,695,300,510,0,0,0,0,0,0,0,6550,6450,6430,0,0,0,0,0,0,0,1000,1000,2,0,0,0,0,0,0,0,0,0,3,
100660,083733,1525909054.9895723,6700,6710,6720,0,0,0,0,0,0,0,1195,300,510,0,0,0,0,0,0,0,6550,6450,6430,0,0,0,0,0,0,0,1000,1000,2,0,0,0,0,0,0,0,0,0,3,
100660,083734,1525909055.2542539,6700,6710,6720,0,0,0,0,0,0,0,1195,300,510,0,0,0,0,0,0,0,6550,6450,6430,0,0,0,0,0,0,0,1000,1000,2,0,0,0,0,0,0,0,0,0,3,
100660,083734,1525909056.093261,6700,6710,6720,0,0,0,0,0,0,0,1195,300,510,0,0,0,0,0,0,0,6550,6450,6430,0,0,0,0,0,0,0,1000,1000,2,0,0,0,0,0,0,0,0,0,3,
100660,083747,1525909069.0566213,6700,6710,6720,0,0,0,0,0,0,0,1197,300,510,0,0,0,0,0,0,0,6550,6450,6430,0,0,0,0,0,0,0,1000,1000,2,0,0,0,0,0,0,0,0,0,3,
100660,083752,1525909073.5371943,6700,6710,6720,0,0,0,0,0,0,0,1196,300,510,0,0,0,0,0,0,0,6550,6450,6430,0,0,0,0,0,0,0,1000,1000,2,0,0,0,0,0,0,0,0,0,3,
100660,083756,1525909077.1625817,6700,6710,6720,0,0,0,0,0,0,0,1196,300,510,0,0,0,0,0,0,0,6550,6450,6430,0,0,0,0,0,0,0,1000,1000,2,0,0,0,0,0,0,0,0,0,3,
100660,083801,1525909082.8087666,6690,6700,6710,0,0,0,0,0,0,0,332,1364,300,0,0,0,0,0,0,0,6550,6450,6430,0,0,0,0,0,0,0,1000,1000,2,0,0,0,0,0,0,0,0,0,3,
100660,083801,1525909082.8758457,6690,6700,6710,0,0,0,0,0,0,0,332,1364,300,0,0,0,0,0,0,0,6550,6450,6430,0,0,0,0,0,0,0,1000,1000,2,0,0,0,0,0,0,0,0,0,3,
100660,083804,1525909085.595016,6690,6700,6710,0,0,0,0,0,0,0,332,1364,300,0,0,0,0,0,0,0,6550,6450,6430,0,0,0,0,0,0,0,1000,1000,2,0,0,0,0,0,0,0,0,0,3,
100660,083806,1525909087.4599628,6690,6700,6710,0,0,0,0,0,0,0,232,1364,300,0,0,0,0,0,0,0,6550,6450,6430,0,0,0,0,0,0,0,1000,1000,2,0,0,0,0,0,0,0,0,0,3,
100660,083806,1525909087.56527,6690,6700,6710,0,0,0,0,0,0,0,232,1364,300,0,0,0,0,0,0,0,6550,6450,6430,0,0,0,0,0,0,0,1000,1000,2,0,0,0,0,0,0,0,0,0,3,
100660,083808,1525909089.49001,6690,6700,6710,0,0,0,0,0,0,0,232,1364,300,0,0,0,0,0,0,0,6550,6450,6430,0,0,0,0,0,0,0,1000,1000,2,0,0,0,0,0,0,0,0,0,3,
100660,083819,1525909100.6244779,6690,6700,6710,0,0,0,0,0,0,0,732,1364,300,0,0,0,0,0,0,0,6550,6450,6430,0,0,0,0,0,0,0,1000,1000,2,0,0,0,0,0,0,0,0,0,3,
100660,083824,1525909105.9632745,6690,6700,6710,0,0,0,0,0,0,0,732,1364,300,0,0,0,0,0,0,0,6550,6450,6430,0,0,0,0,0,0,0,1000,1000,2,0,0,0,0,0,0,0,0,0,3,
100660,083827,1525909109.0088444,6690,6700,6710,0,0,0,0,0,0,0,732,1364,300,0,0,0,0,0,0,0,6550,6450,6430,0,0,0,0,0,0,0,1000,1000,2,0,0,0,0,0,0,0,0,0,3,
100660,083842,1525909123.3429127,6690,6700,6710,0,0,0,0,0,0,0,662,1364,300,0,0,0,0,0,0,0,6550,6450,6430,0,0,0,0,0,0,0,1000,1000,2,0,0,0,0,0,0,0,0,0,3,
100660,083849,1525909130.592565,6690,6700,6710,0,0,0,0,0,0,0,662,1364,300,0,0,0,0,0,0,0,6550,6450,6430,0,0,0,0,0,0,0,1000,1000,2,0,0,0,0,0,0,0,0,0,3,
100660,083851,1525909132.6714988,6690,6700,6710,0,0,0,0,0,0,0,662,1364,300,0,0,0,0,0,0,0,6550,6450,6430,0,0,0,0,0,0,0,1000,1000,2,0,0,0,0,0,0,0,0,0,3,
100660,083851,1525909132.7226152,6690,6700,6710,0,0,0,0,0,0,0,662,1364,300,0,0,0,0,0,0,0,6550,6450,6430,0,0,0,0,0,0,0,1000,1000,2,0,0,0,0,0,0,0,0,0,3,
100660,083909,1525909150.3657327,6690,6700,6710,0,0,0,0,0,0,0,662,1364,300,0,0,0,0,0,0,0,6550,6450,6430,0,0,0,0,0,0,0,1000,1000,2,0,0,0,0,0,0,0,0,0,3,
100660,083929,1525909170.9872346,6690,6700,6710,0,0,0,0,0,0,0,662,1364,300,0,0,0,0,0,0,0,6550,6450,6430,0,0,0,0,0,0,0,1000,1000,2,0,0,0,0,0,0,0,0,0,3,
100660,083937,1525909178.2933323,6690,6700,6710,0,0,0,0,0,0,0,662,1364,300,0,0,0,0,0,0,0,6550,6450,6430,0,0,0,0,0,0,0,1000,1000,2,0,0,0,0,0,0,0,0,0,3,
100660,083941,1525909182.2213578,6690,6700,6710,0,0,0,0,0,0,0,662,1364,300,0,0,0,0,0,0,0,6550,6450,6430,0,0,0,0,0,0,0,1000,1000,2,0,0,0,0,0,0,0,0,0,3,
100660,083942,1525909183.517375,6690,6700,6710,0,0,0,0,0,0,0,662,1364,300,0,0,0,0,0,0,0,6550,6450,6430,0,0,0,0,0,0,0,1000,1000,2,0,0,0,0,0,0,0,0,0,3,
100660,083950,1525909191.776907,6690,6700,6710,0,0,0,0,0,0,0,662,1364,300,0,0,0,0,0,0,0,6550,6450,6430,0,0,0,0,0,0,0,1000,1000,2,0,0,0,0,0,0,0,0,0,3,
100660,083953,1525909194.6052885,6690,6700,6710,0,0,0,0,0,0,0,661,1364,300,0,0,0,0,0,0,0,6550,6450,6430,0,0,0,0,0,0,0,1000,1000,2,0,0,0,0,0,0,0,0,0,3,
100660,083954,1525909195.9426222,6680,6690,6700,0,0,0,0,0,0,0,491,970,1364,0,0,0,0,0,0,0,6550,6450,6430,0,0,0,0,0,0,0,1000,1000,2,0,0,0,0,0,0,0,0,0,3,
100660,084004,1525909205.4901621,6680,6690,6700,0,0,0,0,0,0,0,561,970,1364,0,0,0,0,0,0,0,6550,6450,6430,0,0,0,0,0,0,0,1000,1000,2,0,0,0,0,0,0,0,0,0,3,
100660,084015,1525909216.4845555,6680,6690,6700,0,0,0,0,0,0,0,561,970,1364,0,0,0,0,0,0,0,6550,6450,6430,0,0,0,0,0,0,0,1000,1000,2,0,0,0,0,0,0,0,0,0,3,
100660,084016,1525909217.6052847,6680,6690,6700,0,0,0,0,0,0,0,196,970,1364,0,0,0,0,0,0,0,6550,6450,6430,0,0,0,0,0,0,0,1000,1000,2,0,0,0,0,0,0,0,0,0,3,
100660,084020,1525909222.1435397,6680,6690,6700,0,0,0,0,0,0,0,196,970,1364,0,0,0,0,0,0,0,6550,6450,6430,0,0,0,0,0,0,0,1000,1000,2,0,0,0,0,0,0,0,0,0,3,
100660,084021,1525909222.1988149,6680,6690,6700,0,0,0,0,0,0,0,196,970,1364,0,0,0,0,0,0,0,6550,6450,6430,0,0,0,0,0,0,0,1000,1000,2,0,0,0,0,0,0,0,0,0,3,
100660,084021,1525909222.3021052,6680,6690,6700,0,0,0,0,0,0,0,196,970,1364,0,0,0,0,0,0,0,6550,6450,6430,0,0,0,0,0,0,0,1000,1000,2,0,0,0,0,0,0,0,0,0,3,
100660,084021,1525909222.415732,6680,6690,6700,0,0,0,0,0,0,0,196,970,1364,0,0,0,0,0,0,0,6550,6450,6430,0,0,0,0,0,0,0,1000,1000,2,0,0,0,0,0,0,0,0,0,3,
100660,084021,1525909222.4659164,6680,6690,6700,0,0,0,0,0,0,0,196,970,1364,0,0,0,0,0,0,0,6550,6450,6430,0,0,0,0,0,0,0,1000,1000,2,0,0,0,0,0,0,0,0,0,3,
100660,084021,1525909222.5220792,6680,6690,6700,0,0,0,0,0,0,0,196,970,1364,0,0,0,0,0,0,0,6550,6450,6430,0,0,0,0,0,0,0,1000,1000,2,0,0,0,0,0,0,0,0,0,3,
100660,084021,1525909222.6233547,6680,6690,6700,0,0,0,0,0,0,0,196,970,1364,0,0,0,0,0,0,0,6550,6450,6430,0,0,0,0,0,0,0,1000,1000,2,0,0,0,0,0,0,0,0,0,3,
100660,084021,1525909222.6695147,6680,6690,6700,0,0,0,0,0,0,0,196,970,1364,0,0,0,0,0,0,0,6550,6450,6430,0,0,0,0,0,0,0,1000,1000,2,0,0,0,0,0,0,0,0,0,3,
100660,084021,1525909222.7836504,6680,6690,6700,0,0,0,0,0,0,0,196,970,1364,0,0,0,0,0,0,0,6550,6450,6430,0,0,0,0,0,0,0,1000,1000,2,0,0,0,0,0,0,0,0,0,3,
100660,084021,1525909222.8376892,6680,6690,6700,0,0,0,0,0,0,0,196,970,1364,0,0,0,0,0,0,0,6550,6450,6430,0,0,0,0,0,0,0,1000,1000,2,0,0,0,0,0,0,0,0,0,3,
100660,084021,1525909222.943796,6680,6690,6700,0,0,0,0,0,0,0,196,970,1364,0,0,0,0,0,0,0,6550,6450,6430,0,0,0,0,0,0,0,1000,1000,2,0,0,0,0,0,0,0,0,0,3,
100660,084021,1525909223.0509944,6680,6690,6700,0,0,0,0,0,0,0,196,970,1364,0,0,0,0,0,0,0,6550,6450,6430,0,0,0,0,0,0,0,1000,1000,2,0,0,0,0,0,0,0,0,0,3,
100660,084021,1525909223.1059394,6680,6690,6700,0,0,0,0,0,0,0,196,970,1364,0,0,0,0,0,0,0,6550,6450,6430,0,0,0,0,0,0,0,1000,1000,2,0,0,0,0,0,0,0,0,0,3,
100660,084022,1525909223.2031672,6680,6690,6700,0,0,0,0,0,0,0,196,970,1364,0,0,0,0,0,0,0,6550,6450,6430,0,0,0,0,0,0,0,1000,1000,2,0,0,0,0,0,0,0,0,0,3,
100660,084022,1525909223.2642424,6680,6690,6700,0,0,0,0,0,0,0,196,970,1364,0,0,0,0,0,0,0,6550,6450,6430,0,0,0,0,0,0,0,1000,1000,2,0,0,0,0,0,0,0,0,0,3,
100660,084022,1525909223.3736908,6680,6690,6700,0,0,0,0,0,0,0,196,970,1364,0,0,0,0,0,0,0,6550,6450,6430,0,0,0,0,0,0,0,1000,1000,2,0,0,0,0,0,0,0,0,0,3,
100660,084022,1525909223.4258428,6680,6690,6700,0,0,0,0,0,0,0,196,970,1364,0,0,0,0,0,0,0,6550,6450,6430,0,0,0,0,0,0,0,1000,1000,2,0,0,0,0,0,0,0,0,0,3,
100660,084022,1525909223.4769208,6680,6690,6700,0,0,0,0,0,0,0,196,970,1364,0,0,0,0,0,0,0,6550,6450,6430,0,0,0,0,0,0,0,1000,1000,2,0,0,0,0,0,0,0,0,0,3,
100660,084022,1525909223.592449,6680,6690,6700,0,0,0,0,0,0,0,196,970,1364,0,0,0,0,0,0,0,6550,6450,6430,0,0,0,0,0,0,0,1000,1000,2,0,0,0,0,0,0,0,0,0,3,
100660,084022,1525909223.6855485,6680,6690,6700,0,0,0,0,0,0,0,196,970,1364,0,0,0,0,0,0,0,6550,6450,6430,0,0,0,0,0,0,0,1000,1000,2,0,0,0,0,0,0,0,0,0,3,
100660,084022,1525909223.7455177,6680,6690,6700,0,0,0,0,0,0,0,196,970,1364,0,0,0,0,0,0,0,6550,6450,6430,0,0,0,0,0,0,0,1000,1000,2,0,0,0,0,0,0,0,0,0,3,
100660,084022,1525909223.8517632,6680,6690,6700,0,0,0,0,0,0,0,196,970,1364,0,0,0,0,0,0,0,6550,6450,6430,0,0,0,0,0,0,0,1000,1000,2,0,0,0,0,0,0,0,0,0,3,
100660,084022,1525909223.9070961,6680,6690,6700,0,0,0,0,0,0,0,196,970,1364,0,0,0,0,0,0,0,6550,6450,6430,0,0,0,0,0,0,0,1000,1000,2,0,0,0,0,0,0,0,0,0,3,
100660,084022,1525909224.0114467,6680,6690,6700,0,0,0,0,0,0,0,196,970,1364,0,0,0,0,0,0,0,6550,6450,6430,0,0,0,0,0,0,0,1000,1000,2,0,0,0,0,0,0,0,0,0,3,
100660,084022,1525909224.065529,6680,6690,6700,0,0,0,0,0,0,0,196,970,1364,0,0,0,0,0,0,0,6550,6450,6430,0,0,0,0,0,0,0,1000,1000,2,0,0,0,0,0,0,0,0,0,3,
100660,084023,1525909224.171596,6680,6690,6700,0,0,0,0,0,0,0,196,970,1364,0,0,0,0,0,0,0,6550,6450,6430,0,0,0,0,0,0,0,1000,1000,2,0,0,0,0,0,0,0,0,0,3,
100660,084023,1525909224.2198763,6680,6690,6700,0,0,0,0,0,0,0,196,970,1364,0,0,0,0,0,0,0,6550,6450,6430,0,0,0,0,0,0,0,1000,1000,2,0,0,0,0,0,0,0,0,0,3,
100660,084023,1525909224.333101,6680,6690,6700,0,0,0,0,0,0,0,196,970,1364,0,0,0,0,0,0,0,6550,6450,6430,0,0,0,0,0,0,0,1000,1000,2,0,0,0,0,0,0,0,0,0,3,
100660,084023,1525909224.4393332,6680,6690,6700,0,0,0,0,0,0,0,196,970,1364,0,0,0,0,0,0,0,6550,6450,6430,0,0,0,0,0,0,0,1000,1000,2,0,0,0,0,0,0,0,0,0,3,
100660,084023,1525909224.49456,6680,6690,6700,0,0,0,0,0,0,0,196,970,1364,0,0,0,0,0,0,0,6550,6450,6430,0,0,0,0,0,0,0,1000,1000,2,0,0,0,0,0,0,0,0,0,3,
100660,084023,1525909224.599954,6680,6690,6700,0,0,0,0,0,0,0,196,970,1364,0,0,0,0,0,0,0,6550,6450,6430,0,0,0,0,0,0,0,1000,1000,2,0,0,0,0,0,0,0,0,0,3,
100660,084027,1525909228.2858152,6680,6690,6700,0,0,0,0,0,0,0,197,970,1364,0,0,0,0,0,0,0,6550,6450,6430,0,0,0,0,0,0,0,1000,1000,2,0,0,0,0,0,0,0,0,0,3,
100660,084029,1525909230.2085905,6680,6690,6700,0,0,0,0,0,0,0,197,970,1364,0,0,0,0,0,0,0,6550,6450,6430,0,0,0,0,0,0,0,1000,1000,2,0,0,0,0,0,0,0,0,0,3,
100660,084035,1525909236.932405,6680,6690,6700,0,0,0,0,0,0,0,197,970,1369,0,0,0,0,0,0,0,6550,6450,6430,0,0,0,0,0,0,0,1000,1000,2,0,0,0,0,0,0,0,0,0,3,
100660,084036,1525909237.5180695,6680,6690,6700,0,0,0,0,0,0,0,197,970,1369,0,0,0,0,0,0,0,6550,6450,6430,0,0,0,0,0,0,0,1000,1000,2,0,0,0,0,0,0,0,0,0,3,
100660,084036,1525909238.0549278,6680,6690,6700,0,0,0,0,0,0,0,197,970,1369,0,0,0,0,0,0,0,6550,6450,6430,0,0,0,0,0,0,0,1000,1000,2,0,0,0,0,0,0,0,0,0,3,
100660,084037,1525909238.6439645,6680,6690,6700,0,0,0,0,0,0,0,197,970,1369,0,0,0,0,0,0,0,6550,6450,6430,0,0,0,0,0,0,0,1000,1000,2,0,0,0,0,0,0,0,0,0,3,
100660,084037,1525909239.1201096,6680,6690,6700,0,0,0,0,0,0,0,197,970,1369,0,0,0,0,0,0,0,6550,6450,6430,0,0,0,0,0,0,0,1000,1000,2,0,0,0,0,0,0,0,0,0,3,
100660,084038,1525909239.546901,6680,6690,6700,0,0,0,0,0,0,0,197,970,1369,0,0,0,0,0,0,0,6550,6450,6430,0,0,0,0,0,0,0,1000,1000,2,0,0,0,0,0,0,0,0,0,3,
100660,084040,1525909241.5239058,6680,6690,6700,0,0,0,0,0,0,0,197,970,1369,0,0,0,0,0,0,0,6550,6450,6430,0,0,0,0,0,0,0,1000,1000,2,0,0,0,0,0,0,0,0,0,3,
100660,084040,1525909241.951113,6680,6690,6700,0,0,0,0,0,0,0,197,970,1369,0,0,0,0,0,0,0,6550,6450,6430,0,0,0,0,0,0,0,1000,1000,2,0,0,0,0,0,0,0,0,0,3,
100660,084040,1525909242.1022716,6680,6690,6700,0,0,0,0,0,0,0,197,970,1369,0,0,0,0,0,0,0,6550,6450,6430,0,0,0,0,0,0,0,1000,1000,2,0,0,0,0,0,0,0,0,0,3,
100660,084041,1525909242.3744583,6680,6690,6700,0,0,0,0,0,0,0,197,970,1369,0,0,0,0,0,0,0,6550,6450,6430,0,0,0,0,0,0,0,1000,1000,2,0,0,0,0,0,0,0,0,0,3,
100660,084041,1525909242.7478213,6680,6690,6700,0,0,0,0,0,0,0,197,970,1369,0,0,0,0,0,0,0,6550,6450,6430,0,0,0,0,0,0,0,1000,1000,2,0,0,0,0,0,0,0,0,0,3,
100660,084041,1525909243.1217556,6690,6700,6710,0,0,0,0,0,0,0,167,1369,305,0,0,0,0,0,0,0,6550,6450,6430,0,0,0,0,0,0,0,1000,1000,2,0,0,0,0,0,0,0,0,0,3,
100660,084042,1525909243.174836,6690,6700,6710,0,0,0,0,0,0,0,167,1369,305,0,0,0,0,0,0,0,6550,6450,6430,0,0,0,0,0,0,0,1000,1000,2,0,0,0,0,0,0,0,0,0,3,
100660,084042,1525909243.3881822,6560,6590,6600,0,0,0,0,0,0,0,123,50,334,0,0,0,0,0,0,0,6550,6450,6430,0,0,0,0,0,0,0,649,1000,2,0,0,0,0,0,0,0,0,0,3,
100660,084042,1525909243.7074544,6560,6590,6600,0,0,0,0,0,0,0,123,50,334,0,0,0,0,0,0,0,6550,6450,6430,0,0,0,0,0,0,0,649,1000,2,0,0,0,0,0,0,0,0,0,3,
100660,084043,1525909244.188415,6560,6590,6600,0,0,0,0,0,0,0,123,50,334,0,0,0,0,0,0,0,6550,6450,6430,0,0,0,0,0,0,0,649,1000,2,0,0,0,0,0,0,0,0,0,3,
100660,084043,1525909244.8319378,6560,6590,6600,0,0,0,0,0,0,0,123,50,334,0,0,0,0,0,0,0,6550,6450,6430,0,0,0,0,0,0,0,649,1000,2,0,0,0,0,0,0,0,0,0,3,
100660,084044,1525909245.4173043,6560,6590,6600,0,0,0,0,0,0,0,123,50,334,0,0,0,0,0,0,0,6550,6450,6430,0,0,0,0,0,0,0,649,1000,2,0,0,0,0,0,0,0,0,0,3,
100660,084044,1525909245.885908,6560,6590,6600,0,0,0,0,0,0,0,123,50,334,0,0,0,0,0,0,0,6550,6450,6430,0,0,0,0,0,0,0,649,1000,2,0,0,0,0,0,0,0,0,0,3,
100660,084045,1525909246.3245835,6560,6590,6600,0,0,0,0,0,0,0,123,50,334,0,0,0,0,0,0,0,6550,6450,6430,0,0,0,0,0,0,0,649,1000,2,0,0,0,0,0,0,0,0,0,3,
100660,084046,1525909247.384642,6560,6590,6600,0,0,0,0,0,0,0,123,50,334,0,0,0,0,0,0,0,6550,6450,6430,0,0,0,0,0,0,0,649,1000,2,0,0,0,0,0,0,0,0,0,3,
100660,084047,1525909248.950434,6560,6590,6600,0,0,0,0,0,0,0,123,50,334,0,0,0,0,0,0,0,6550,6450,6430,0,0,0,0,0,0,0,649,1000,2,0,0,0,0,0,0,0,0,0,3,
100660,084048,1525909249.4323876,6560,6590,6600,0,0,0,0,0,0,0,123,50,334,0,0,0,0,0,0,0,6550,6450,6430,0,0,0,0,0,0,0,649,1000,2,0,0,0,0,0,0,0,0,0,3,
100660,084048,1525909249.901783,6560,6590,6600,0,0,0,0,0,0,0,123,50,334,0,0,0,0,0,0,0,6550,6450,6430,0,0,0,0,0,0,0,649,1000,2,0,0,0,0,0,0,0,0,0,3,
100660,084049,1525909250.5018518,6560,6590,6600,0,0,0,0,0,0,0,123,50,334,0,0,0,0,0,0,0,6550,6450,6430,0,0,0,0,0,0,0,649,1000,2,0,0,0,0,0,0,0,0,0,3,
100660,084049,1525909250.918396,6560,6590,6600,0,0,0,0,0,0,0,123,50,334,0,0,0,0,0,0,0,6550,6450,6430,0,0,0,0,0,0,0,649,1000,2,0,0,0,0,0,0,0,0,0,3,
100660,084050,1525909251.3051207,6560,6590,6600,0,0,0,0,0,0,0,123,50,334,0,0,0,0,0,0,0,6550,6450,6430,0,0,0,0,0,0,0,649,1000,2,0,0,0,0,0,0,0,0,0,3,
100660,084050,1525909251.6806715,6560,6590,6600,0,0,0,0,0,0,0,123,50,334,0,0,0,0,0,0,0,6550,6450,6430,0,0,0,0,0,0,0,649,1000,2,0,0,0,0,0,0,0,0,0,3,
100660,084050,1525909252.1096666,6560,6590,6600,0,0,0,0,0,0,0,123,50,334,0,0,0,0,0,0,0,6550,6450,6430,0,0,0,0,0,0,0,649,1000,2,0,0,0,0,0,0,0,0,0,3,
100660,084051,1525909252.3270874,6560,6590,6600,0,0,0,0,0,0,0,123,50,334,0,0,0,0,0,0,0,6550,6450,6430,0,0,0,0,0,0,0,649,1000,2,0,0,0,0,0,0,0,0,0,3,
100660,084051,1525909252.5376623,6560,6590,6600,0,0,0,0,0,0,0,123,50,334,0,0,0,0,0,0,0,6550,6450,6430,0,0,0,0,0,0,0,649,1000,2,0,0,0,0,0,0,0,0,0,3,
100660,084051,1525909252.9683208,6560,6590,6600,0,0,0,0,0,0,0,123,50,334,0,0,0,0,0,0,0,6550,6450,6430,0,0,0,0,0,0,0,649,1000,2,0,0,0,0,0,0,0,0,0,3,
100660,084052,1525909253.2347717,6610,6620,6630,0,0,0,0,0,0,0,463,446,150,0,0,0,0,0,0,0,6550,6450,6430,0,0,0,0,0,0,0,1000,1000,2,0,0,0,0,0,0,0,0,0,3,
100660,084052,1525909253.386107,6610,6620,6630,0,0,0,0,0,0,0,463,446,150,0,0,0,0,0,0,0,6550,6450,6430,0,0,0,0,0,0,0,1000,1000,2,0,0,0,0,0,0,0,0,0,3,
100660,084052,1525909253.8253677,6610,6620,6630,0,0,0,0,0,0,0,463,446,150,0,0,0,0,0,0,0,6550,6450,6430,0,0,0,0,0,0,0,1000,1000,2,0,0,0,0,0,0,0,0,0,3,
100660,084053,1525909254.2039633,6610,6620,6630,0,0,0,0,0,0,0,463,446,150,0,0,0,0,0,0,0,6550,6450,6430,0,0,0,0,0,0,0,1000,1000,2,0,0,0,0,0,0,0,0,0,3,
100660,084053,1525909254.418129,6610,6620,6630,0,0,0,0,0,0,0,463,446,150,0,0,0,0,0,0,0,6550,6450,6430,0,0,0,0,0,0,0,1000,1000,2,0,0,0,0,0,0,0,0,0,3,
100660,084053,1525909254.9560246,6610,6620,6630,0,0,0,0,0,0,0,463,446,150,0,0,0,0,0,0,0,6550,6450,6430,0,0,0,0,0,0,0,1000,1000,2,0,0,0,0,0,0,0,0,0,3,
100660,084054,1525909256.0254135,6610,6620,6630,0,0,0,0,0,0,0,463,446,150,0,0,0,0,0,0,0,6550,6450,6430,0,0,0,0,0,0,0,1000,1000,2,0,0,0,0,0,0,0,0,0,3,
100660,084056,1525909257.7384255,6610,6620,6630,0,0,0,0,0,0,0,463,446,150,0,0,0,0,0,0,0,6550,6450,6430,0,0,0,0,0,0,0,1000,1000,2,0,0,0,0,0,0,0,0,0,3,
100660,084057,1525909258.2205503,6610,6620,6630,0,0,0,0,0,0,0,463,446,150,0,0,0,0,0,0,0,6550,6450,6430,0,0,0,0,0,0,0,1000,1000,2,0,0,0,0,0,0,0,0,0,3,
100660,084057,1525909258.753448,6610,6620,6630,0,0,0,0,0,0,0,463,446,150,0,0,0,0,0,0,0,6550,6450,6430,0,0,0,0,0,0,0,1000,1000,2,0,0,0,0,0,0,0,0,0,3,
100660,084058,1525909259.235361,6610,6620,6630,0,0,0,0,0,0,0,463,446,150,0,0,0,0,0,0,0,6550,6450,6430,0,0,0,0,0,0,0,1000,1000,2,0,0,0,0,0,0,0,0,0,3,
100660,084058,1525909259.6661727,6610,6620,6630,0,0,0,0,0,0,0,463,446,150,0,0,0,0,0,0,0,6550,6450,6430,0,0,0,0,0,0,0,1000,1000,2,0,0,0,0,0,0,0,0,0,3,
100660,084058,1525909260.0921292,6610,6620,6630,0,0,0,0,0,0,0,463,446,150,0,0,0,0,0,0,0,6550,6450,6430,0,0,0,0,0,0,0,1000,1000,2,0,0,0,0,0,0,0,0,0,3,
100660,084059,1525909260.4671173,6610,6620,6630,0,0,0,0,0,0,0,463,446,150,0,0,0,0,0,0,0,6550,6450,6430,0,0,0,0,0,0,0,1000,1000,2,0,0,0,0,0,0,0,0,0,3,
100660,084059,1525909260.9004269,6610,6620,6630,0,0,0,0,0,0,0,463,446,150,0,0,0,0,0,0,0,6550,6450,6430,0,0,0,0,0,0,0,1000,1000,2,0,0,0,0,0,0,0,0,0,3,
100660,084100,1525909261.2730694,6610,6620,6630,0,0,0,0,0,0,0,463,446,150,0,0,0,0,0,0,0,6550,6450,6430,0,0,0,0,0,0,0,1000,1000,2,0,0,0,0,0,0,0,0,0,3,
100660,084100,1525909261.703585,6610,6620,6630,0,0,0,0,0,0,0,463,446,150,0,0,0,0,0,0,0,6550,6450,6430,0,0,0,0,0,0,0,1000,1000,2,0,0,0,0,0,0,0,0,0,3,
100660,084100,1525909262.1292737,6610,6620,6630,0,0,0,0,0,0,0,463,446,150,0,0,0,0,0,0,0,6550,6450,6430,0,0,0,0,0,0,0,1000,1000,2,0,0,0,0,0,0,0,0,0,3,
100660,084101,1525909262.5559285,6610,6620,6630,0,0,0,0,0,0,0,463,446,150,0,0,0,0,0,0,0,6550,6450,6430,0,0,0,0,0,0,0,1000,1000,2,0,0,0,0,0,0,0,0,0,3,
100660,084101,1525909262.9181087,6610,6620,6630,0,0,0,0,0,0,0,463,446,150,0,0,0,0,0,0,0,6550,6450,6430,0,0,0,0,0,0,0,1000,1000,2,0,0,0,0,0,0,0,0,0,3,
100660,084102,1525909263.2528114,6610,6620,6630,0,0,0,0,0,0,0,463,446,150,0,0,0,0,0,0,0,6550,6450,6430,0,0,0,0,0,0,0,1000,1000,2,0,0,0,0,0,0,0,0,0,3,
100660,084103,1525909264.1582127,6610,6620,6630,0,0,0,0,0,0,0,463,446,150,0,0,0,0,0,0,0,6550,6450,6430,0,0,0,0,0,0,0,1000,1000,2,0,0,0,0,0,0,0,0,0,3,
100660,084103,1525909264.694249,6610,6620,6630,0,0,0,0,0,0,0,463,446,150,0,0,0,0,0,0,0,6550,6450,6430,0,0,0,0,0,0,0,1000,1000,2,0,0,0,0,0,0,0,0,0,3,
100660,084105,1525909266.24328,6610,6620,6630,0,0,0,0,0,0,0,463,446,150,0,0,0,0,0,0,0,6550,6450,6430,0,0,0,0,0,0,0,1000,1000,2,0,0,0,0,0,0,0,0,0,3,
100660,084105,1525909266.6705651,6610,6620,6630,0,0,0,0,0,0,0,463,446,150,0,0,0,0,0,0,0,6550,6450,6430,0,0,0,0,0,0,0,1000,1000,2,0,0,0,0,0,0,0,0,0,3,
100660,084106,1525909267.149034,6610,6620,6630,0,0,0,0,0,0,0,463,446,150,0,0,0,0,0,0,0,6550,6450,6430,0,0,0,0,0,0,0,1000,1000,2,0,0,0,0,0,0,0,0,0,3,
100660,084106,1525909267.5760078,6610,6620,6630,0,0,0,0,0,0,0,463,446,150,0,0,0,0,0,0,0,6550,6450,6430,0,0,0,0,0,0,0,1000,1000,2,0,0,0,0,0,0,0,0,0,3,
100660,084106,1525909268.0044127,6610,6620,6630,0,0,0,0,0,0,0,463,446,150,0,0,0,0,0,0,0,6550,6450,6430,0,0,0,0,0,0,0,1000,1000,2,0,0,0,0,0,0,0,0,0,3,
100660,084107,1525909268.4323285,6610,6620,6630,0,0,0,0,0,0,0,463,446,150,0,0,0,0,0,0,0,6550,6450,6430,0,0,0,0,0,0,0,1000,1000,2,0,0,0,0,0,0,0,0,0,3,
100660,084107,1525909268.5908663,6610,6620,6630,0,0,0,0,0,0,0,443,446,150,0,0,0,0,0,0,0,6550,6450,6430,0,0,0,0,0,0,0,1000,1000,2,0,0,0,0,0,0,0,0,0,3,
100660,084107,1525909268.8013327,6610,6620,6630,0,0,0,0,0,0,0,443,446,150,0,0,0,0,0,0,0,6550,6450,6430,0,0,0,0,0,0,0,1000,1000,2,0,0,0,0,0,0,0,0,0,3,
100660,084108,1525909269.2315927,6610,6620,6630,0,0,0,0,0,0,0,443,446,150,0,0,0,0,0,0,0,6550,6450,6430,0,0,0,0,0,0,0,1000,1000,2,0,0,0,0,0,0,0,0,0,3,
100660,084108,1525909269.3386657,6610,6620,6630,0,0,0,0,0,0,0,443,446,150,0,0,0,0,0,0,0,6550,6450,6430,0,0,0,0,0,0,0,1000,1000,2,0,0,0,0,0,0,0,0,0,3,
100660,084108,1525909269.6577895,6610,6620,6630,0,0,0,0,0,0,0,443,446,150,0,0,0,0,0,0,0,6550,6450,6430,0,0,0,0,0,0,0,1000,1000,2,0,0,0,0,0,0,0,0,0,3,
100660,084109,1525909270.7848122,6610,6620,6630,0,0,0,0,0,0,0,443,446,150,0,0,0,0,0,0,0,6550,6450,6430,0,0,0,0,0,0,0,1000,1000,2,0,0,0,0,0,0,0,0,0,3,
100660,084110,1525909271.2020211,6610,6620,6630,0,0,0,0,0,0,0,443,446,150,0,0,0,0,0,0,0,6550,6450,6430,0,0,0,0,0,0,0,1000,1000,2,0,0,0,0,0,0,0,0,0,3,
100660,084110,1525909271.6362514,6610,6620,6630,0,0,0,0,0,0,0,443,446,150,0,0,0,0,0,0,0,6550,6450,6430,0,0,0,0,0,0,0,1000,1000,2,0,0,0,0,0,0,0,0,0,3,
100660,084113,1525909274.5681596,6610,6620,6630,0,0,0,0,0,0,0,443,446,150,0,0,0,0,0,0,0,6550,6450,6430,0,0,0,0,0,0,0,1000,1000,2,0,0,0,0,0,0,0,0,0,3,
100660,084118,1525909280.0124173,6610,6620,6630,0,0,0,0,0,0,0,443,446,150,0,0,0,0,0,0,0,6550,6450,6430,0,0,0,0,0,0,0,1000,1000,2,0,0,0,0,0,0,0,0,0,3,
100660,084118,1525909280.123611,6610,6620,6630,0,0,0,0,0,0,0,443,446,150,0,0,0,0,0,0,0,6550,6450,6430,0,0,0,0,0,0,0,1000,1000,2,0,0,0,0,0,0,0,0,0,3,
100660,084119,1525909280.1767607,6610,6620,6630,0,0,0,0,0,0,0,443,446,150,0,0,0,0,0,0,0,6550,6450,6430,0,0,0,0,0,0,0,1000,1000,2,0,0,0,0,0,0,0,0,0,3,
100660,084119,1525909280.2669713,6610,6620,6630,0,0,0,0,0,0,0,443,446,150,0,0,0,0,0,0,0,6550,6450,6430,0,0,0,0,0,0,0,1000,1000,2,0,0,0,0,0,0,0,0,0,3,
100660,084119,1525909280.3320532,6610,6620,6630,0,0,0,0,0,0,0,443,446,150,0,0,0,0,0,0,0,6550,6450,6430,0,0,0,0,0,0,0,1000,1000,2,0,0,0,0,0,0,0,0,0,3,
100660,084119,1525909280.4381745,6610,6620,6630,0,0,0,0,0,0,0,443,446,150,0,0,0,0,0,0,0,6550,6450,6430,0,0,0,0,0,0,0,1000,1000,2,0,0,0,0,0,0,0,0,0,3,
100660,084119,1525909280.546358,6610,6620,6630,0,0,0,0,0,0,0,443,446,150,0,0,0,0,0,0,0,6550,6450,6430,0,0,0,0,0,0,0,1000,1000,2,0,0,0,0,0,0,0,0,0,3,
100660,084119,1525909280.5984933,6610,6620,6630,0,0,0,0,0,0,0,443,446,150,0,0,0,0,0,0,0,6550,6450,6430,0,0,0,0,0,0,0,1000,1000,2,0,0,0,0,0,0,0,0,0,3,
100660,084119,1525909280.7067564,6610,6620,6630,0,0,0,0,0,0,0,443,446,150,0,0,0,0,0,0,0,6550,6450,6430,0,0,0,0,0,0,0,1000,1000,2,0,0,0,0,0,0,0,0,0,3,
100660,084119,1525909280.7591066,6610,6620,6630,0,0,0,0,0,0,0,443,446,150,0,0,0,0,0,0,0,6550,6450,6430,0,0,0,0,0,0,0,1000,1000,2,0,0,0,0,0,0,0,0,0,3,
100660,084119,1525909280.8653653,6610,6620,6630,0,0,0,0,0,0,0,443,446,150,0,0,0,0,0,0,0,6550,6450,6430,0,0,0,0,0,0,0,1000,1000,2,0,0,0,0,0,0,0,0,0,3,
100660,084119,1525909280.91818,6610,6620,6630,0,0,0,0,0,0,0,443,446,150,0,0,0,0,0,0,0,6550,6450,6430,0,0,0,0,0,0,0,1000,1000,2,0,0,0,0,0,0,0,0,0,3,
100660,084119,1525909281.0264082,6610,6620,6630,0,0,0,0,0,0,0,443,446,150,0,0,0,0,0,0,0,6550,6450,6430,0,0,0,0,0,0,0,1000,1000,2,0,0,0,0,0,0,0,0,0,3,
100660,084119,1525909281.081736,6610,6620,6630,0,0,0,0,0,0,0,443,446,150,0,0,0,0,0,0,0,6550,6450,6430,0,0,0,0,0,0,0,1000,1000,2,0,0,0,0,0,0,0,0,0,3,
100660,084120,1525909281.1370103,6610,6620,6630,0,0,0,0,0,0,0,443,446,150,0,0,0,0,0,0,0,6550,6450,6430,0,0,0,0,0,0,0,1000,1000,2,0,0,0,0,0,0,0,0,0,3,
100660,084120,1525909281.2843962,6610,6620,6630,0,0,0,0,0,0,0,443,446,150,0,0,0,0,0,0,0,6550,6450,6430,0,0,0,0,0,0,0,1000,1000,2,0,0,0,0,0,0,0,0,0,3,
100660,084120,1525909281.347365,6610,6620,6630,0,0,0,0,0,0,0,443,446,150,0,0,0,0,0,0,0,6550,6450,6430,0,0,0,0,0,0,0,1000,1000,2,0,0,0,0,0,0,0,0,0,3,
100660,084120,1525909281.4528654,6610,6620,6630,0,0,0,0,0,0,0,443,446,150,0,0,0,0,0,0,0,6550,6450,6430,0,0,0,0,0,0,0,1000,1000,2,0,0,0,0,0,0,0,0,0,3,
100660,084120,1525909281.5089815,6610,6620,6630,0,0,0,0,0,0,0,443,446,150,0,0,0,0,0,0,0,6550,6450,6430,0,0,0,0,0,0,0,1000,1000,2,0,0,0,0,0,0,0,0,0,3,
100660,084120,1525909281.6161544,6610,6620,6630,0,0,0,0,0,0,0,443,446,150,0,0,0,0,0,0,0,6550,6450,6430,0,0,0,0,0,0,0,1000,1000,2,0,0,0,0,0,0,0,0,0,3,
100660,084120,1525909281.6652281,6610,6620,6630,0,0,0,0,0,0,0,443,446,150,0,0,0,0,0,0,0,6550,6450,6430,0,0,0,0,0,0,0,1000,1000,2,0,0,0,0,0,0,0,0,0,3,
100660,084120,1525909281.7662451,6610,6620,6630,0,0,0,0,0,0,0,443,446,150,0,0,0,0,0,0,0,6550,6450,6430,0,0,0,0,0,0,0,1000,1000,2,0,0,0,0,0,0,0,0,0,3,
100660,084120,1525909281.8303757,6610,6620,6630,0,0,0,0,0,0,0,443,446,150,0,0,0,0,0,0,0,6550,6450,6430,0,0,0,0,0,0,0,1000,1000,2,0,0,0,0,0,0,0,0,0,3,
100660,084120,1525909281.9364989,6610,6620,6630,0,0,0,0,0,0,0,443,446,150,0,0,0,0,0,0,0,6550,6450,6430,0,0,0,0,0,0,0,1000,1000,2,0,0,0,0,0,0,0,0,0,3,
100660,084120,1525909281.9879775,6610,6620,6630,0,0,0,0,0,0,0,443,446,150,0,0,0,0,0,0,0,6550,6450,6430,0,0,0,0,0,0,0,1000,1000,2,0,0,0,0,0,0,0,0,0,3,
100660,084120,1525909282.0933428,6610,6620,6630,0,0,0,0,0,0,0,443,446,150,0,0,0,0,0,0,0,6550,6450,6430,0,0,0,0,0,0,0,1000,1000,2,0,0,0,0,0,0,0,0,0,3,
100660,084121,1525909282.1504288,6610,6620,6630,0,0,0,0,0,0,0,443,446,150,0,0,0,0,0,0,0,6550,6450,6430,0,0,0,0,0,0,0,1000,1000,2,0,0,0,0,0,0,0,0,0,3,
100660,084121,1525909282.2559004,6610,6620,6630,0,0,0,0,0,0,0,443,446,150,0,0,0,0,0,0,0,6550,6450,6430,0,0,0,0,0,0,0,1000,1000,2,0,0,0,0,0,0,0,0,0,3,
100660,084121,1525909282.3010395,6610,6620,6630,0,0,0,0,0,0,0,443,446,150,0,0,0,0,0,0,0,6550,6450,6430,0,0,0,0,0,0,0,1000,1000,2,0,0,0,0,0,0,0,0,0,3,
100660,084121,1525909282.4154017,6610,6620,6630,0,0,0,0,0,0,0,443,446,150,0,0,0,0,0,0,0,6550,6450,6430,0,0,0,0,0,0,0,1000,1000,2,0,0,0,0,0,0,0,0,0,3,
100660,084121,1525909282.5238948,6610,6620,6630,0,0,0,0,0,0,0,443,446,150,0,0,0,0,0,0,0,6550,6450,6430,0,0,0,0,0,0,0,1000,1000,2,0,0,0,0,0,0,0,0,0,3,
100660,084121,1525909282.5792296,6610,6620,6630,0,0,0,0,0,0,0,443,446,150,0,0,0,0,0,0,0,6550,6450,6430,0,0,0,0,0,0,0,1000,1000,2,0,0,0,0,0,0,0,0,0,3,
100660,084121,1525909282.6303887,6610,6620,6630,0,0,0,0,0,0,0,443,446,150,0,0,0,0,0,0,0,6550,6450,6430,0,0,0,0,0,0,0,1000,1000,2,0,0,0,0,0,0,0,0,0,3,
100660,084121,1525909282.7364764,6610,6620,6630,0,0,0,0,0,0,0,443,446,150,0,0,0,0,0,0,0,6550,6450,6430,0,0,0,0,0,0,0,1000,1000,2,0,0,0,0,0,0,0,0,0,3,
100660,084121,1525909282.7836442,6610,6620,6630,0,0,0,0,0,0,0,443,446,150,0,0,0,0,0,0,0,6550,6450,6430,0,0,0,0,0,0,0,1000,1000,2,0,0,0,0,0,0,0,0,0,3,
100660,084121,1525909282.8949666,6610,6620,6630,0,0,0,0,0,0,0,443,446,150,0,0,0,0,0,0,0,6550,6450,6430,0,0,0,0,0,0,0,1000,1000,2,0,0,0,0,0,0,0,0,0,3,
100660,084121,1525909282.9502683,6610,6620,6630,0,0,0,0,0,0,0,443,446,150,0,0,0,0,0,0,0,6550,6450,6430,0,0,0,0,0,0,0,1000,1000,2,0,0,0,0,0,0,0,0,0,3,
100660,084121,1525909283.055051,6610,6620,6630,0,0,0,0,0,0,0,443,446,150,0,0,0,0,0,0,0,6550,6450,6430,0,0,0,0,0,0,0,1000,1000,2,0,0,0,0,0,0,0,0,0,3,
100660,084121,1525909283.1632576,6610,6620,6630,0,0,0,0,0,0,0,443,446,150,0,0,0,0,0,0,0,6550,6450,6430,0,0,0,0,0,0,0,1000,1000,2,0,0,0,0,0,0,0,0,0,3,
100660,084122,1525909283.2074468,6610,6620,6630,0,0,0,0,0,0,0,443,446,150,0,0,0,0,0,0,0,6550,6450,6430,0,0,0,0,0,0,0,1000,1000,2,0,0,0,0,0,0,0,0,0,3,
100660,084122,1525909283.3169816,6610,6620,6630,0,0,0,0,0,0,0,443,446,150,0,0,0,0,0,0,0,6550,6450,6430,0,0,0,0,0,0,0,1000,1000,2,0,0,0,0,0,0,0,0,0,3,
100660,084122,1525909283.3752942,6610,6620,6630,0,0,0,0,0,0,0,443,446,150,0,0,0,0,0,0,0,6550,6450,6430,0,0,0,0,0,0,0,1000,1000,2,0,0,0,0,0,0,0,0,0,3,
100660,084122,1525909283.4818852,6610,6620,6630,0,0,0,0,0,0,0,443,446,150,0,0,0,0,0,0,0,6550,6450,6430,0,0,0,0,0,0,0,1000,1000,2,0,0,0,0,0,0,0,0,0,3,
100660,084122,1525909283.536045,6610,6620,6630,0,0,0,0,0,0,0,443,446,150,0,0,0,0,0,0,0,6550,6450,6430,0,0,0,0,0,0,0,1000,1000,2,0,0,0,0,0,0,0,0,0,3,
100660,084122,1525909283.5902069,6610,6620,6630,0,0,0,0,0,0,0,443,446,150,0,0,0,0,0,0,0,6550,6450,6430,0,0,0,0,0,0,0,1000,1000,2,0,0,0,0,0,0,0,0,0,3,
100660,084122,1525909283.684443,6610,6620,6630,0,0,0,0,0,0,0,443,446,150,0,0,0,0,0,0,0,6550,6450,6430,0,0,0,0,0,0,0,1000,1000,2,0,0,0,0,0,0,0,0,0,3,
100660,084122,1525909283.800702,6610,6620,6630,0,0,0,0,0,0,0,443,446,150,0,0,0,0,0,0,0,6550,6450,6430,0,0,0,0,0,0,0,1000,1000,2,0,0,0,0,0,0,0,0,0,3,
100660,084122,1525909283.908654,6610,6620,6630,0,0,0,0,0,0,0,443,446,150,0,0,0,0,0,0,0,6550,6450,6430,0,0,0,0,0,0,0,1000,1000,2,0,0,0,0,0,0,0,0,0,3,
100660,084122,1525909283.9627373,6610,6620,6630,0,0,0,0,0,0,0,443,446,150,0,0,0,0,0,0,0,6550,6450,6430,0,0,0,0,0,0,0,1000,1000,2,0,0,0,0,0,0,0,0,0,3,
100660,084122,1525909284.0741565,6610,6620,6630,0,0,0,0,0,0,0,443,446,150,0,0,0,0,0,0,0,6550,6450,6430,0,0,0,0,0,0,0,1000,1000,2,0,0,0,0,0,0,0,0,0,3,
100660,084122,1525909284.1241443,6610,6620,6630,0,0,0,0,0,0,0,443,446,150,0,0,0,0,0,0,0,6550,6450,6430,0,0,0,0,0,0,0,1000,1000,2,0,0,0,0,0,0,0,0,0,3,
100660,084123,1525909284.2333612,6610,6620,6630,0,0,0,0,0,0,0,443,446,150,0,0,0,0,0,0,0,6550,6450,6430,0,0,0,0,0,0,0,1000,1000,2,0,0,0,0,0,0,0,0,0,3,
100660,084123,1525909284.2835298,6610,6620,6630,0,0,0,0,0,0,0,443,446,150,0,0,0,0,0,0,0,6550,6450,6430,0,0,0,0,0,0,0,1000,1000,2,0,0,0,0,0,0,0,0,0,3,
100660,084123,1525909284.3351533,6610,6620,6630,0,0,0,0,0,0,0,443,446,150,0,0,0,0,0,0,0,6550,6450,6430,0,0,0,0,0,0,0,1000,1000,2,0,0,0,0,0,0,0,0,0,3,
100660,084123,1525909284.4443474,6610,6620,6630,0,0,0,0,0,0,0,443,446,150,0,0,0,0,0,0,0,6550,6450,6430,0,0,0,0,0,0,0,1000,1000,2,0,0,0,0,0,0,0,0,0,3,
100660,084123,1525909284.5506446,6610,6620,6630,0,0,0,0,0,0,0,443,446,150,0,0,0,0,0,0,0,6550,6450,6430,0,0,0,0,0,0,0,1000,1000,2,0,0,0,0,0,0,0,0,0,3,
100660,084123,1525909284.6056716,6610,6620,6630,0,0,0,0,0,0,0,443,446,150,0,0,0,0,0,0,0,6550,6450,6430,0,0,0,0,0,0,0,1000,1000,2,0,0,0,0,0,0,0,0,0,3,
100660,084123,1525909284.7170205,6610,6620,6630,0,0,0,0,0,0,0,443,446,150,0,0,0,0,0,0,0,6550,6450,6430,0,0,0,0,0,0,0,1000,1000,2,0,0,0,0,0,0,0,0,0,3,
100660,084123,1525909284.765089,6610,6620,6630,0,0,0,0,0,0,0,443,446,150,0,0,0,0,0,0,0,6550,6450,6430,0,0,0,0,0,0,0,1000,1000,2,0,0,0,0,0,0,0,0,0,3,
100660,084123,1525909284.8702946,6610,6620,6630,0,0,0,0,0,0,0,443,446,150,0,0,0,0,0,0,0,6550,6450,6430,0,0,0,0,0,0,0,1000,1000,2,0,0,0,0,0,0,0,0,0,3,
100660,084123,1525909284.925354,6610,6620,6630,0,0,0,0,0,0,0,443,446,150,0,0,0,0,0,0,0,6550,6450,6430,0,0,0,0,0,0,0,1000,1000,2,0,0,0,0,0,0,0,0,0,3,
100660,084130,1525909291.967108,6610,6620,6630,0,0,0,0,0,0,0,443,446,150,0,0,0,0,0,0,0,6550,6450,6430,0,0,0,0,0,0,0,1000,1000,2,0,0,0,0,0,0,0,0,0,3,
100660,084131,1525909292.9837182,6610,6620,6630,0,0,0,0,0,0,0,443,446,150,0,0,0,0,0,0,0,6550,6450,6430,0,0,0,0,0,0,0,1000,1000,2,0,0,0,0,0,0,0,0,0,3,
100660,084132,1525909293.788961,6610,6620,6630,0,0,0,0,0,0,0,443,446,150,0,0,0,0,0,0,0,6550,6450,6430,0,0,0,0,0,0,0,1000,1000,2,0,0,0,0,0,0,0,0,0,3,
100660,084133,1525909294.3672428,6610,6620,6630,0,0,0,0,0,0,0,443,446,150,0,0,0,0,0,0,0,6550,6450,6430,0,0,0,0,0,0,0,1000,1000,2,0,0,0,0,0,0,0,0,0,3,
100660,084133,1525909294.8995602,6610,6620,6630,0,0,0,0,0,0,0,443,446,150,0,0,0,0,0,0,0,6550,6450,6430,0,0,0,0,0,0,0,1000,1000,2,0,0,0,0,0,0,0,0,0,3,
100660,084134,1525909295.383965,6610,6620,6630,0,0,0,0,0,0,0,443,446,150,0,0,0,0,0,0,0,6550,6450,6430,0,0,0,0,0,0,0,1000,1000,2,0,0,0,0,0,0,0,0,0,3,
100660,084134,1525909295.8666046,6610,6620,6630,0,0,0,0,0,0,0,443,446,150,0,0,0,0,0,0,0,6550,6450,6430,0,0,0,0,0,0,0,1000,1000,2,0,0,0,0,0,0,0,0,0,3,
100660,084135,1525909296.4119098,6610,6620,6630,0,0,0,0,0,0,0,443,446,150,0,0,0,0,0,0,0,6550,6450,6430,0,0,0,0,0,0,0,1000,1000,2,0,0,0,0,0,0,0,0,0,3,
100660,084135,1525909296.9425025,6610,6620,6630,0,0,0,0,0,0,0,443,446,150,0,0,0,0,0,0,0,6550,6450,6430,0,0,0,0,0,0,0,1000,1000,2,0,0,0,0,0,0,0,0,0,3,
100660,084136,1525909297.4249206,6610,6620,6630,0,0,0,0,0,0,0,443,446,150,0,0,0,0,0,0,0,6550,6450,6430,0,0,0,0,0,0,0,1000,1000,2,0,0,0,0,0,0,0,0,0,3,
100660,084136,1525909297.8997262,6610,6620,6630,0,0,0,0,0,0,0,443,446,150,0,0,0,0,0,0,0,6550,6450,6430,0,0,0,0,0,0,0,1000,1000,2,0,0,0,0,0,0,0,0,0,3,
100660,084137,1525909298.437763,6610,6620,6630,0,0,0,0,0,0,0,443,446,150,0,0,0,0,0,0,0,6550,6450,6430,0,0,0,0,0,0,0,1000,1000,2,0,0,0,0,0,0,0,0,0,3,
100660,084137,1525909298.8651743,6610,6620,6630,0,0,0,0,0,0,0,443,446,150,0,0,0,0,0,0,0,6550,6450,6430,0,0,0,0,0,0,0,1000,1000,2,0,0,0,0,0,0,0,0,0,3,
100660,084138,1525909299.3449035,6610,6620,6630,0,0,0,0,0,0,0,443,446,150,0,0,0,0,0,0,0,6550,6450,6430,0,0,0,0,0,0,0,1000,1000,2,0,0,0,0,0,0,0,0,0,3,
100660,084138,1525909299.8252976,6610,6620,6630,0,0,0,0,0,0,0,443,446,150,0,0,0,0,0,0,0,6550,6450,6430,0,0,0,0,0,0,0,1000,1000,2,0,0,0,0,0,0,0,0,0,3,
100660,084139,1525909300.3497427,6610,6620,6630,0,0,0,0,0,0,0,443,446,150,0,0,0,0,0,0,0,6550,6450,6430,0,0,0,0,0,0,0,1000,1000,2,0,0,0,0,0,0,0,0,0,3,
100660,084139,1525909300.7828038,6610,6620,6630,0,0,0,0,0,0,0,443,446,150,0,0,0,0,0,0,0,6550,6450,6430,0,0,0,0,0,0,0,1000,1000,2,0,0,0,0,0,0,0,0,0,3,
100660,084140,1525909301.2675195,6610,6620,6630,0,0,0,0,0,0,0,443,446,150,0,0,0,0,0,0,0,6550,6450,6430,0,0,0,0,0,0,0,1000,1000,2,0,0,0,0,0,0,0,0,0,3,
100660,084140,1525909301.7997086,6610,6620,6630,0,0,0,0,0,0,0,443,446,150,0,0,0,0,0,0,0,6550,6450,6430,0,0,0,0,0,0,0,1000,1000,2,0,0,0,0,0,0,0,0,0,3,
100660,084140,1525909301.9629493,6610,6620,6630,0,0,0,0,0,0,0,443,446,150,0,0,0,0,0,0,0,6550,6450,6430,0,0,0,0,0,0,0,1000,1000,2,0,0,0,0,0,0,0,0,0,3,
100660,084141,1525909302.2329905,6610,6620,6630,0,0,0,0,0,0,0,443,446,150,0,0,0,0,0,0,0,6550,6450,6430,0,0,0,0,0,0,0,1000,1000,2,0,0,0,0,0,0,0,0,0,3,
100660,084142,1525909303.407706,6610,6620,6630,0,0,0,0,0,0,0,443,446,150,0,0,0,0,0,0,0,6550,6450,6430,0,0,0,0,0,0,0,1000,1000,2,0,0,0,0,0,0,0,0,0,3,
100660,084142,1525909303.8871362,6610,6620,6630,0,0,0,0,0,0,0,443,446,150,0,0,0,0,0,0,0,6550,6450,6430,0,0,0,0,0,0,0,1000,1000,2,0,0,0,0,0,0,0,0,0,3,
100660,084143,1525909304.4201844,6610,6620,6630,0,0,0,0,0,0,0,443,446,150,0,0,0,0,0,0,0,6550,6450,6430,0,0,0,0,0,0,0,1000,1000,2,0,0,0,0,0,0,0,0,0,3,
100660,084143,1525909304.9558165,6610,6620,6630,0,0,0,0,0,0,0,443,446,150,0,0,0,0,0,0,0,6550,6450,6430,0,0,0,0,0,0,0,1000,1000,2,0,0,0,0,0,0,0,0,0,3,
100660,084144,1525909305.5450516,6610,6620,6630,0,0,0,0,0,0,0,443,446,150,0,0,0,0,0,0,0,6550,6450,6430,0,0,0,0,0,0,0,1000,1000,2,0,0,0,0,0,0,0,0,0,3,
100660,084144,1525909306.0657384,6610,6620,6630,0,0,0,0,0,0,0,443,446,150,0,0,0,0,0,0,0,6550,6450,6430,0,0,0,0,0,0,0,1000,1000,2,0,0,0,0,0,0,0,0,0,3,
100660,084145,1525909306.5995097,6610,6620,6630,0,0,0,0,0,0,0,443,446,150,0,0,0,0,0,0,0,6550,6450,6430,0,0,0,0,0,0,0,1000,1000,2,0,0,0,0,0,0,0,0,0,3,
100660,084145,1525909306.7726984,6610,6620,6630,0,0,0,0,0,0,0,443,446,150,0,0,0,0,0,0,0,6550,6450,6430,0,0,0,0,0,0,0,1000,1000,2,0,0,0,0,0,0,0,0,0,3,
100660,084146,1525909307.732532,6610,6620,6630,0,0,0,0,0,0,0,443,446,150,0,0,0,0,0,0,0,6550,6450,6430,0,0,0,0,0,0,0,1000,1000,2,0,0,0,0,0,0,0,0,0,3,
100660,084147,1525909308.2668002,6610,6620,6630,0,0,0,0,0,0,0,443,446,150,0,0,0,0,0,0,0,6550,6450,6430,0,0,0,0,0,0,0,1000,1000,2,0,0,0,0,0,0,0,0,0,3,
100660,084147,1525909308.7996502,6610,6620,6630,0,0,0,0,0,0,0,443,446,150,0,0,0,0,0,0,0,6550,6450,6430,0,0,0,0,0,0,0,1000,1000,2,0,0,0,0,0,0,0,0,0,3,
100660,084147,1525909309.066065,6610,6620,6630,0,0,0,0,0,0,0,443,446,150,0,0,0,0,0,0,0,6550,6450,6430,0,0,0,0,0,0,0,1000,1000,2,0,0,0,0,0,0,0,0,0,3,
100660,084148,1525909309.2821708,6610,6620,6630,0,0,0,0,0,0,0,443,446,150,0,0,0,0,0,0,0,6550,6450,6430,0,0,0,0,0,0,0,1000,1000,2,0,0,0,0,0,0,0,0,0,3,
100660,084149,1525909311.1489525,6610,6620,6630,0,0,0,0,0,0,0,443,446,150,0,0,0,0,0,0,0,6550,6450,6430,0,0,0,0,0,0,0,1000,1000,2,0,0,0,0,0,0,0,0,0,3,
100660,084150,1525909311.6829233,6610,6620,6630,0,0,0,0,0,0,0,443,446,150,0,0,0,0,0,0,0,6550,6450,6430,0,0,0,0,0,0,0,1000,1000,2,0,0,0,0,0,0,0,0,0,3,
100660,084150,1525909311.9997783,6610,6620,6630,0,0,0,0,0,0,0,443,446,150,0,0,0,0,0,0,0,6550,6450,6430,0,0,0,0,0,0,0,1000,1000,2,0,0,0,0,0,0,0,0,0,3,
100660,084151,1525909312.2157388,6610,6620,6630,0,0,0,0,0,0,0,443,446,150,0,0,0,0,0,0,0,6550,6450,6430,0,0,0,0,0,0,0,1000,1000,2,0,0,0,0,0,0,0,0,0,3,
100660,084151,1525909312.5884068,6610,6620,6630,0,0,0,0,0,0,0,473,446,150,0,0,0,0,0,0,0,6550,6450,6430,0,0,0,0,0,0,0,1000,1000,2,0,0,0,0,0,0,0,0,0,3,
100660,084151,1525909312.6955175,6610,6620,6630,0,0,0,0,0,0,0,473,446,150,0,0,0,0,0,0,0,6550,6450,6430,0,0,0,0,0,0,0,1000,1000,2,0,0,0,0,0,0,0,0,0,3,
100660,084152,1525909313.1755466,6610,6620,6630,0,0,0,0,0,0,0,473,446,150,0,0,0,0,0,0,0,6550,6450,6430,0,0,0,0,0,0,0,1000,1000,2,0,0,0,0,0,0,0,0,0,3,
100660,084152,1525909313.7119877,6610,6620,6630,0,0,0,0,0,0,0,473,446,150,0,0,0,0,0,0,0,6550,6450,6430,0,0,0,0,0,0,0,1000,1000,2,0,0,0,0,0,0,0,0,0,3,
100660,084153,1525909314.245521,6610,6620,6630,0,0,0,0,0,0,0,473,446,150,0,0,0,0,0,0,0,6550,6450,6430,0,0,0,0,0,0,0,1000,1000,2,0,0,0,0,0,0,0,0,0,3,
100660,084155,1525909316.9689727,6610,6620,6630,0,0,0,0,0,0,0,473,476,150,0,0,0,0,0,0,0,6550,6450,6430,0,0,0,0,0,0,0,1000,1000,2,0,0,0,0,0,0,0,0,0,3,
100660,084156,1525909318.088485,6610,6620,6630,0,0,0,0,0,0,0,473,476,150,0,0,0,0,0,0,0,6550,6450,6430,0,0,0,0,0,0,0,1000,1000,2,0,0,0,0,0,0,0,0,0,3,
100660,084159,1525909320.3365595,6610,6620,6630,0,0,0,0,0,0,0,473,476,180,0,0,0,0,0,0,0,6550,6450,6430,0,0,0,0,0,0,0,1000,1000,2,0,0,0,0,0,0,0,0,0,3,
100660,084200,1525909321.1833673,6610,6620,6630,0,0,0,0,0,0,0,473,476,180,0,0,0,0,0,0,0,6550,6450,6430,0,0,0,0,0,0,0,1000,1000,2,0,0,0,0,0,0,0,0,0,3,
100660,084201,1525909322.6312127,6610,6620,6630,0,0,0,0,0,0,0,473,476,180,0,0,0,0,0,0,0,6550,6450,6430,0,0,0,0,0,0,0,1000,1000,2,0,0,0,0,0,0,0,0,0,3,
100660,084202,1525909323.216632,6610,6620,6630,0,0,0,0,0,0,0,473,476,180,0,0,0,0,0,0,0,6550,6450,6430,0,0,0,0,0,0,0,1000,1000,2,0,0,0,0,0,0,0,0,0,3,
100660,084202,1525909323.6949656,6610,6620,6630,0,0,0,0,0,0,0,473,476,180,0,0,0,0,0,0,0,6550,6450,6430,0,0,0,0,0,0,0,1000,1000,2,0,0,0,0,0,0,0,0,0,3,
100660,084203,1525909324.3358135,6610,6620,6630,0,0,0,0,0,0,0,473,476,180,0,0,0,0,0,0,0,6550,6450,6430,0,0,0,0,0,0,0,1000,1000,2,0,0,0,0,0,0,0,0,0,3,
100660,084204,1525909325.4126525,6610,6620,6630,0,0,0,0,0,0,0,473,476,180,0,0,0,0,0,0,0,6550,6450,6430,0,0,0,0,0,0,0,1000,1000,2,0,0,0,0,0,0,0,0,0,3,
100660,084204,1525909326.0439563,6610,6620,6630,0,0,0,0,0,0,0,473,476,180,0,0,0,0,0,0,0,6550,6450,6430,0,0,0,0,0,0,0,1000,1000,2,0,0,0,0,0,0,0,0,0,3,
100660,084205,1525909326.3124619,6610,6620,6630,0,0,0,0,0,0,0,473,476,180,0,0,0,0,0,0,0,6550,6450,6430,0,0,0,0,0,0,0,1000,1000,2,0,0,0,0,0,0,0,0,0,3,
100660,084205,1525909326.8432627,6610,6620,6630,0,0,0,0,0,0,0,473,476,180,0,0,0,0,0,0,0,6550,6450,6430,0,0,0,0,0,0,0,1000,1000,2,0,0,0,0,0,0,0,0,0,3,
100660,084206,1525909327.3779247,6610,6620,6630,0,0,0,0,0,0,0,473,476,180,0,0,0,0,0,0,0,6550,6450,6430,0,0,0,0,0,0,0,1000,1000,2,0,0,0,0,0,0,0,0,0,3,
100660,084206,1525909327.8041263,6610,6620,6630,0,0,0,0,0,0,0,473,476,180,0,0,0,0,0,0,0,6550,6450,6430,0,0,0,0,0,0,0,1000,1000,2,0,0,0,0,0,0,0,0,0,3,
100660,084207,1525909328.3391843,6610,6620,6630,0,0,0,0,0,0,0,473,476,180,0,0,0,0,0,0,0,6550,6450,6430,0,0,0,0,0,0,0,1000,1000,2,0,0,0,0,0,0,0,0,0,3,
100660,084207,1525909328.4984288,6610,6620,6630,0,0,0,0,0,0,0,473,476,180,0,0,0,0,0,0,0,6550,6450,6430,0,0,0,0,0,0,0,1000,1000,2,0,0,0,0,0,0,0,0,0,3,
100660,084207,1525909328.8179946,6610,6620,6630,0,0,0,0,0,0,0,473,476,180,0,0,0,0,0,0,0,6550,6450,6430,0,0,0,0,0,0,0,1000,1000,2,0,0,0,0,0,0,0,0,0,3,
100660,084208,1525909329.2988904,6610,6620,6630,0,0,0,0,0,0,0,473,476,180,0,0,0,0,0,0,0,6550,6450,6430,0,0,0,0,0,0,0,1000,1000,2,0,0,0,0,0,0,0,0,0,3,
100660,084208,1525909329.835198,6610,6620,6630,0,0,0,0,0,0,0,473,476,180,0,0,0,0,0,0,0,6550,6450,6430,0,0,0,0,0,0,0,1000,1000,2,0,0,0,0,0,0,0,0,0,3,
100660,084209,1525909330.3144014,6610,6620,6630,0,0,0,0,0,0,0,473,476,180,0,0,0,0,0,0,0,6550,6450,6430,0,0,0,0,0,0,0,1000,1000,2,0,0,0,0,0,0,0,0,0,3,
100660,084209,1525909330.8475633,6610,6620,6630,0,0,0,0,0,0,0,473,476,180,0,0,0,0,0,0,0,6550,6450,6430,0,0,0,0,0,0,0,1000,1000,2,0,0,0,0,0,0,0,0,0,3,
100660,084210,1525909331.3288412,6610,6620,6630,0,0,0,0,0,0,0,473,476,180,0,0,0,0,0,0,0,6550,6450,6430,0,0,0,0,0,0,0,1000,1000,2,0,0,0,0,0,0,0,0,0,3,
100660,084210,1525909331.8640394,6610,6620,6630,0,0,0,0,0,0,0,473,476,180,0,0,0,0,0,0,0,6550,6450,6430,0,0,0,0,0,0,0,1000,1000,2,0,0,0,0,0,0,0,0,0,3,
100660,084211,1525909332.342874,6610,6620,6630,0,0,0,0,0,0,0,473,476,180,0,0,0,0,0,0,0,6550,6450,6430,0,0,0,0,0,0,0,1000,1000,2,0,0,0,0,0,0,0,0,0,3,
100660,084212,1525909333.5683281,6610,6620,6630,0,0,0,0,0,0,0,473,476,180,0,0,0,0,0,0,0,6550,6450,6430,0,0,0,0,0,0,0,1000,1000,2,0,0,0,0,0,0,0,0,0,3,
100660,084212,1525909333.7296674,6610,6620,6630,0,0,0,0,0,0,0,474,476,180,0,0,0,0,0,0,0,6550,6450,6430,0,0,0,0,0,0,0,1000,1000,2,0,0,0,0,0,0,0,0,0,3,
100660,084212,1525909334.1484993,6610,6620,6630,0,0,0,0,0,0,0,474,476,180,0,0,0,0,0,0,0,6550,6450,6430,0,0,0,0,0,0,0,1000,1000,2,0,0,0,0,0,0,0,0,0,3,
100660,084213,1525909334.6821258,6610,6620,6630,0,0,0,0,0,0,0,474,476,180,0,0,0,0,0,0,0,6550,6450,6430,0,0,0,0,0,0,0,1000,1000,2,0,0,0,0,0,0,0,0,0,3,
100660,084215,1525909336.3440049,6610,6620,6630,0,0,0,0,0,0,0,474,476,180,0,0,0,0,0,0,0,6550,6450,6430,0,0,0,0,0,0,0,1000,1000,2,0,0,0,0,0,0,0,0,0,3,
100660,084215,1525909337.0386016,6610,6620,6630,0,0,0,0,0,0,0,474,476,180,0,0,0,0,0,0,0,6550,6450,6430,0,0,0,0,0,0,0,1000,1000,2,0,0,0,0,0,0,0,0,0,3,
100660,084217,1525909338.9576404,6610,6620,6630,0,0,0,0,0,0,0,475,476,180,0,0,0,0,0,0,0,6550,6450,6430,0,0,0,0,0,0,0,1000,1000,2,0,0,0,0,0,0,0,0,0,3,
100660,084219,1525909340.2375941,6610,6620,6630,0,0,0,0,0,0,0,475,476,180,0,0,0,0,0,0,0,6550,6450,6430,0,0,0,0,0,0,0,1000,1000,2,0,0,0,0,0,0,0,0,0,3,
100660,084222,1525909344.0729115,6610,6620,6630,0,0,0,0,0,0,0,474,476,180,0,0,0,0,0,0,0,6550,6450,6430,0,0,0,0,0,0,0,1000,1000,2,0,0,0,0,0,0,0,0,0,3,
100660,084223,1525909344.2821074,6610,6620,6630,0,0,0,0,0,0,0,474,476,180,0,0,0,0,0,0,0,6550,6450,6430,0,0,0,0,0,0,0,2500,1000,2,0,0,0,0,0,0,0,0,0,3,
100660,084228,1525909349.37133,6610,6620,6630,0,0,0,0,0,0,0,374,476,180,0,0,0,0,0,0,0,6550,6450,6430,0,0,0,0,0,0,0,2500,1000,2,0,0,0,0,0,0,0,0,0,3,
100660,084234,1525909356.0262923,6600,6610,6620,0,0,0,0,0,0,0,64,635,476,0,0,0,0,0,0,0,6550,6450,6430,0,0,0,0,0,0,0,2500,1000,2,0,0,0,0,0,0,0,0,0,3,
100660,084235,1525909356.5066044,6600,6610,6620,0,0,0,0,0,0,0,64,635,476,0,0,0,0,0,0,0,6550,6450,6430,0,0,0,0,0,0,0,2500,1000,2,0,0,0,0,0,0,0,0,0,3,
100660,084237,1525909358.8113363,6600,6610,6620,0,0,0,0,0,0,0,64,635,476,0,0,0,0,0,0,0,6550,6450,6430,0,0,0,0,0,0,0,1000,1000,2,0,0,0,0,0,0,0,0,0,3,
100660,084239,1525909360.3637064,6600,6610,6620,0,0,0,0,0,0,0,64,635,476,0,0,0,0,0,0,0,6550,6450,6430,0,0,0,0,0,0,0,1148,1000,2,0,0,0,0,0,0,0,0,0,3,
100660,084244,1525909365.5540679,6600,6610,6620,0,0,0,0,0,0,0,69,635,476,0,0,0,0,0,0,0,6550,6450,6430,0,0,0,0,0,0,0,1148,1000,2,0,0,0,0,0,0,0,0,0,3,
100660,084258,1525909379.2256498,6600,6610,6620,0,0,0,0,0,0,0,69,635,476,0,0,0,0,0,0,0,6550,6450,6430,0,0,0,0,0,0,0,2148,1000,2,0,0,0,0,0,0,0,0,0,3,
100660,084306,1525909387.8160517,6610,6620,6630,0,0,0,0,0,0,0,554,476,180,0,0,0,0,0,0,0,6550,6450,6430,0,0,0,0,0,0,0,2148,1000,2,0,0,0,0,0,0,0,0,0,3,
100660,084308,1525909389.305689,6610,6620,6630,0,0,0,0,0,0,0,554,476,180,0,0,0,0,0,0,0,6550,6450,6430,0,0,0,0,0,0,0,2148,1000,2,0,0,0,0,0,0,0,0,0,3,
100660,084309,1525909390.269956,6600,6610,6620,0,0,0,0,0,0,0,119,635,476,0,0,0,0,0,0,0,6550,6450,6430,0,0,0,0,0,0,0,2148,1000,2,0,0,0,0,0,0,0,0,0,3,
100660,084323,1525909404.3195298,6600,6610,6620,0,0,0,0,0,0,0,109,635,476,0,0,0,0,0,0,0,6550,6450,6430,0,0,0,0,0,0,0,2148,1000,2,0,0,0,0,0,0,0,0,0,3,
100660,084329,1525909410.862112,6600,6610,6620,0,0,0,0,0,0,0,119,635,476,0,0,0,0,0,0,0,6550,6450,6430,0,0,0,0,0,0,0,2148,1000,2,0,0,0,0,0,0,0,0,0,3,
100660,084336,1525909417.3389704,6600,6610,6620,0,0,0,0,0,0,0,119,635,476,0,0,0,0,0,0,0,6550,6450,6430,0,0,0,0,0,0,0,2148,1000,2,0,0,0,0,0,0,0,0,0,3,
100660,084340,1525909421.7744927,6600,6610,6620,0,0,0,0,0,0,0,119,635,476,0,0,0,0,0,0,0,6550,6450,6430,0,0,0,0,0,0,0,2148,1000,2,0,0,0,0,0,0,0,0,0,3,
100660,084341,1525909422.1483123,6600,6610,6620,0,0,0,0,0,0,0,119,635,476,0,0,0,0,0,0,0,6550,6450,6430,0,0,0,0,0,0,0,2148,1000,2,0,0,0,0,0,0,0,0,0,3,
100660,084341,1525909422.256599,6600,6610,6620,0,0,0,0,0,0,0,33,635,476,0,0,0,0,0,0,0,6550,6450,6430,0,0,0,0,0,0,0,2148,1000,2,0,0,0,0,0,0,0,0,0,3,
100660,084343,1525909424.7753856,6600,6610,6620,0,0,0,0,0,0,0,33,635,476,0,0,0,0,0,0,0,6550,6450,6430,0,0,0,0,0,0,0,2148,1000,2,0,0,0,0,0,0,0,0,0,3,
100660,084346,1525909427.2324846,6600,6610,6620,0,0,0,0,0,0,0,33,635,476,0,0,0,0,0,0,0,6550,6450,6430,0,0,0,0,0,0,0,2148,1000,2,0,0,0,0,0,0,0,0,0,3,
100660,084346,1525909427.3946748,6560,6590,6600,0,0,0,0,0,0,0,123,50,334,0,0,0,0,0,0,0,6550,6450,6430,0,0,0,0,0,0,0,1622,1000,2,0,0,0,0,0,0,0,0,0,3,
100660,084348,1525909429.3615527,6560,6590,6600,0,0,0,0,0,0,0,123,50,334,0,0,0,0,0,0,0,6550,6450,6430,0,0,0,0,0,0,0,1622,1000,2,0,0,0,0,0,0,0,0,0,3,
100660,084354,1525909435.9437838,6560,6590,6600,0,0,0,0,0,0,0,123,50,334,0,0,0,0,0,0,0,6550,6450,6430,0,0,0,0,0,0,0,1622,1000,2,0,0,0,0,0,0,0,0,0,3,
100660,084357,1525909438.4040165,6560,6590,6600,0,0,0,0,0,0,0,123,50,334,0,0,0,0,0,0,0,6550,6450,6430,0,0,0,0,0,0,0,1622,1000,2,0,0,0,0,0,0,0,0,0,3,
100660,084401,1525909442.6275704,6560,6590,6600,0,0,0,0,0,0,0,123,50,334,0,0,0,0,0,0,0,6550,6450,6430,0,0,0,0,0,0,0,1620,1000,2,0,0,0,0,0,0,0,0,0,3,
100660,084401,1525909442.9524035,6560,6590,6600,0,0,0,0,0,0,0,123,50,334,0,0,0,0,0,0,0,6550,6450,6430,0,0,0,0,0,0,0,1618,1000,2,0,0,0,0,0,0,0,0,0,3,
100660,084402,1525909443.3302898,6560,6590,6600,0,0,0,0,0,0,0,123,50,334,0,0,0,0,0,0,0,6550,6450,6430,0,0,0,0,0,0,0,1616,1000,2,0,0,0,0,0,0,0,0,0,3,
100660,084402,1525909443.643549,6560,6590,6600,0,0,0,0,0,0,0,123,50,334,0,0,0,0,0,0,0,6550,6450,6430,0,0,0,0,0,0,0,1616,1000,2,0,0,0,0,0,0,0,0,0,3,
100660,084402,1525909443.970315,6560,6590,6600,0,0,0,0,0,0,0,123,50,334,0,0,0,0,0,0,0,6550,6450,6430,0,0,0,0,0,0,0,1616,1000,2,0,0,0,0,0,0,0,0,0,3,
100660,084407,1525909448.729511,6560,6590,6600,0,0,0,0,0,0,0,123,50,334,0,0,0,0,0,0,0,6550,6450,6430,0,0,0,0,0,0,0,1616,1000,2,0,0,0,0,0,0,0,0,0,3,
100660,084415,1525909456.309815,6560,6590,6600,0,0,0,0,0,0,0,123,50,334,0,0,0,0,0,0,0,6550,6450,6430,0,0,0,0,0,0,0,1616,1000,2,0,0,0,0,0,0,0,0,0,3,
100660,084417,1525909458.3008027,6560,6590,6600,0,0,0,0,0,0,0,123,50,334,0,0,0,0,0,0,0,6550,6450,6430,0,0,0,0,0,0,0,1616,1000,2,0,0,0,0,0,0,0,0,0,3,
100660,084417,1525909458.99634,6560,6590,6600,0,0,0,0,0,0,0,123,50,334,0,0,0,0,0,0,0,6550,6450,6430,0,0,0,0,0,0,0,1616,1000,2,0,0,0,0,0,0,0,0,0,3,
100660,084417,1525909459.102893,6560,6590,6600,0,0,0,0,0,0,0,123,50,334,0,0,0,0,0,0,0,6550,6450,6430,0,0,0,0,0,0,0,1614,1000,2,0,0,0,0,0,0,0,0,0,3,
100660,084421,1525909463.0080051,6560,6590,6600,0,0,0,0,0,0,0,123,50,334,0,0,0,0,0,0,0,6550,6450,6430,0,0,0,0,0,0,0,1714,1000,2,0,0,0,0,0,0,0,0,0,3,
100660,084425,1525909466.5896251,6560,6590,6600,0,0,0,0,0,0,0,123,50,334,0,0,0,0,0,0,0,6550,6450,6430,0,0,0,0,0,0,0,1714,1000,2,0,0,0,0,0,0,0,0,0,3,
100660,084432,1525909473.7545588,6560,6590,6600,0,0,0,0,0,0,0,123,50,334,0,0,0,0,0,0,0,6550,6450,6430,0,0,0,0,0,0,0,714,1000,2,0,0,0,0,0,0,0,0,0,3,
100660,084435,1525909477.1235087,6560,6590,6600,0,0,0,0,0,0,0,123,50,334,0,0,0,0,0,0,0,6550,6450,6430,0,0,0,0,0,0,0,719,1000,2,0,0,0,0,0,0,0,0,0,3,
100660,084437,1525909478.509744,6560,6590,6600,0,0,0,0,0,0,0,123,50,334,0,0,0,0,0,0,0,6550,6450,6430,0,0,0,0,0,0,0,819,1000,2,0,0,0,0,0,0,0,0,0,3,
100660,084441,1525909482.7954757,6560,6590,6600,0,0,0,0,0,0,0,123,50,334,0,0,0,0,0,0,0,6550,6450,6430,0,0,0,0,0,0,0,819,1000,2,0,0,0,0,0,0,0,0,0,3,
100660,084441,1525909482.900751,6560,6590,6600,0,0,0,0,0,0,0,123,50,334,0,0,0,0,0,0,0,6550,6450,6430,0,0,0,0,0,0,0,619,1000,2,0,0,0,0,0,0,0,0,0,3,
100660,084443,1525909485.043,6560,6590,6600,0,0,0,0,0,0,0,123,50,334,0,0,0,0,0,0,0,6550,6450,6430,0,0,0,0,0,0,0,619,1100,2,0,0,0,0,0,0,0,0,0,3,
100660,084450,1525909491.680356,6560,6590,6600,0,0,0,0,0,0,0,123,50,334,0,0,0,0,0,0,0,6550,6450,6430,0,0,0,0,0,0,0,619,1100,2,0,0,0,0,0,0,0,0,0,3,
100660,084453,1525909494.7830863,6560,6590,6600,0,0,0,0,0,0,0,123,50,334,0,0,0,0,0,0,0,6550,6450,6430,0,0,0,0,0,0,0,999,1100,2,0,0,0,0,0,0,0,0,0,3,
100660,084504,1525909505.9982584,6560,6590,6600,0,0,0,0,0,0,0,123,50,334,0,0,0,0,0,0,0,6550,6450,6430,0,0,0,0,0,0,0,999,1100,2,0,0,0,0,0,0,0,0,0,3,
100660,084505,1525909506.9622512,6560,6590,6600,0,0,0,0,0,0,0,123,50,334,0,0,0,0,0,0,0,6550,6450,6430,0,0,0,0,0,0,0,1012,1100,2,0,0,0,0,0,0,0,0,0,3,
100660,084508,1525909510.06188,6560,6590,6600,0,0,0,0,0,0,0,123,50,1062,0,0,0,0,0,0,0,6550,6450,6430,0,0,0,0,0,0,0,1012,1100,2,0,0,0,0,0,0,0,0,0,3,
100660,084509,1525909510.5966022,6560,6590,6600,0,0,0,0,0,0,0,123,50,1062,0,0,0,0,0,0,0,6550,6450,6430,0,0,0,0,0,0,0,1012,1100,2,0,0,0,0,0,0,0,0,0,3,
100660,084511,1525909512.3619795,6560,6590,6600,0,0,0,0,0,0,0,123,50,1062,0,0,0,0,0,0,0,6550,6450,6430,0,0,0,0,0,0,0,1012,1100,2,0,0,0,0,0,0,0,0,0,3,
100660,084512,1525909513.5924478,6560,6590,6600,0,0,0,0,0,0,0,123,50,1062,0,0,0,0,0,0,0,6550,6450,6430,0,0,0,0,0,0,0,1012,1100,2,0,0,0,0,0,0,0,0,0,3,
100660,084514,1525909515.7820075,6560,6590,6600,0,0,0,0,0,0,0,123,50,1062,0,0,0,0,0,0,0,6550,6450,6430,0,0,0,0,0,0,0,493,1100,2,0,0,0,0,0,0,0,0,0,3,
100660,084517,1525909519.045562,6560,6590,6600,0,0,0,0,0,0,0,123,50,1062,0,0,0,0,0,0,0,6550,6450,6430,0,0,0,0,0,0,0,463,1100,2,0,0,0,0,0,0,0,0,0,3,
100660,084520,1525909521.7136807,6560,6590,6600,0,0,0,0,0,0,0,123,50,1062,0,0,0,0,0,0,0,6550,6450,6430,0,0,0,0,0,0,0,963,1100,2,0,0,0,0,0,0,0,0,0,3,
100660,084523,1525909524.9231958,6560,6590,6600,0,0,0,0,0,0,0,153,50,1062,0,0,0,0,0,0,0,6550,6450,6430,0,0,0,0,0,0,0,963,1100,2,0,0,0,0,0,0,0,0,0,3,
100660,084529,1525909531.0622823,6560,6590,6600,0,0,0,0,0,0,0,153,249,1062,0,0,0,0,0,0,0,6550,6450,6430,0,0,0,0,0,0,0,963,1100,2,0,0,0,0,0,0,0,0,0,3,
100660,084532,1525909533.4060876,6560,6590,6600,0,0,0,0,0,0,0,153,289,1062,0,0,0,0,0,0,0,6550,6450,6430,0,0,0,0,0,0,0,963,1100,2,0,0,0,0,0,0,0,0,0,3,
100660,084535,1525909537.1498232,6560,6590,6600,0,0,0,0,0,0,0,153,289,1102,0,0,0,0,0,0,0,6550,6450,6430,0,0,0,0,0,0,0,963,1100,2,0,0,0,0,0,0,0,0,0,3,
100660,084544,1525909545.2118065,6560,6590,6600,0,0,0,0,0,0,0,153,289,1102,0,0,0,0,0,0,0,6550,6450,6430,0,0,0,0,0,0,0,463,1100,2,0,0,0,0,0,0,0,0,0,3,
100660,084544,1525909545.7448256,6560,6590,6600,0,0,0,0,0,0,0,153,289,1102,0,0,0,0,0,0,0,6550,6450,6430,0,0,0,0,0,0,0,463,1100,2,0,0,0,0,0,0,0,0,0,3,
100660,084545,1525909547.0846593,6560,6590,6600,0,0,0,0,0,0,0,153,289,1102,0,0,0,0,0,0,0,6550,6450,6430,0,0,0,0,0,0,0,463,1100,2,0,0,0,0,0,0,0,0,0,3,
100660,084549,1525909551.1360986,6560,6590,6600,0,0,0,0,0,0,0,153,289,1102,0,0,0,0,0,0,0,6550,6450,6430,0,0,0,0,0,0,0,463,1100,2,0,0,0,0,0,0,0,0,0,3,
100660,084551,1525909552.1528673,6560,6590,6600,0,0,0,0,0,0,0,153,289,1102,0,0,0,0,0,0,0,6550,6450,6430,0,0,0,0,0,0,0,463,1100,2,0,0,0,0,0,0,0,0,0,3,
100660,084552,1525909553.3816392,6560,6590,6600,0,0,0,0,0,0,0,153,289,1102,0,0,0,0,0,0,0,6550,6450,6430,0,0,0,0,0,0,0,130,1100,2,0,0,0,0,0,0,0,0,0,3,
100660,084557,1525909558.30059,6560,6590,6600,0,0,0,0,0,0,0,153,289,1102,0,0,0,0,0,0,0,6550,6450,6430,0,0,0,0,0,0,0,130,1100,2,0,0,0,0,0,0,0,0,0,3,
100660,084600,1525909561.7196305,6560,6590,6600,0,0,0,0,0,0,0,153,289,1102,0,0,0,0,0,0,0,6550,6450,6430,0,0,0,0,0,0,0,651,1100,2,0,0,0,0,0,0,0,0,0,3,
100660,084601,1525909562.7334685,6560,6590,6600,0,0,0,0,0,0,0,153,289,1102,0,0,0,0,0,0,0,6550,6450,6430,0,0,0,0,0,0,0,651,1100,2,0,0,0,0,0,0,0,0,0,3,
100660,084603,1525909564.7633803,6560,6590,6600,0,0,0,0,0,0,0,153,289,1102,0,0,0,0,0,0,0,6550,6450,6430,0,0,0,0,0,0,0,651,1100,2,0,0,0,0,0,0,0,0,0,3,
100660,084606,1525909567.6465013,6560,6590,6600,0,0,0,0,0,0,0,153,289,1102,0,0,0,0,0,0,0,6550,6450,6430,0,0,0,0,0,0,0,921,1100,2,0,0,0,0,0,0,0,0,0,3,
100660,084611,1525909572.4495852,6560,6590,6600,0,0,0,0,0,0,0,153,289,1102,0,0,0,0,0,0,0,6550,6450,6430,0,0,0,0,0,0,0,921,1100,2,0,0,0,0,0,0,0,0,0,3,
100660,084613,1525909574.5913653,6560,6590,6600,0,0,0,0,0,0,0,153,289,1102,0,0,0,0,0,0,0,6550,6450,6430,0,0,0,0,0,0,0,421,1100,2,0,0,0,0,0,0,0,0,0,3,
100660,084616,1525909577.9035692,6560,6590,6600,0,0,0,0,0,0,0,153,289,1102,0,0,0,0,0,0,0,6550,6450,6430,0,0,0,0,0,0,0,421,1100,2,0,0,0,0,0,0,0,0,0,3,
100660,084617,1525909578.5427978,6560,6590,6600,0,0,0,0,0,0,0,153,289,1102,0,0,0,0,0,0,0,6550,6450,6430,0,0,0,0,0,0,0,421,1100,2,0,0,0,0,0,0,0,0,0,3,
100660,084621,1525909582.5542119,6560,6590,6600,0,0,0,0,0,0,0,153,289,1102,0,0,0,0,0,0,0,6550,6450,6430,0,0,0,0,0,0,0,421,1100,2,0,0,0,0,0,0,0,0,0,3,
100660,084623,1525909584.3711429,6560,6590,6600,0,0,0,0,0,0,0,153,289,1102,0,0,0,0,0,0,0,6550,6450,6430,0,0,0,0,0,0,0,421,1100,2,0,0,0,0,0,0,0,0,0,3,
100660,084627,1525909588.6485791,6560,6590,6600,0,0,0,0,0,0,0,153,289,1102,0,0,0,0,0,0,0,6550,6450,6430,0,0,0,0,0,0,0,421,1100,2,0,0,0,0,0,0,0,0,0,3,
100660,084629,1525909590.5735877,6560,6590,6600,0,0,0,0,0,0,0,153,289,1102,0,0,0,0,0,0,0,6550,6450,6430,0,0,0,0,0,0,0,421,1100,2,0,0,0,0,0,0,0,0,0,3,
100660,084632,1525909594.0973299,6560,6590,6600,0,0,0,0,0,0,0,153,289,1102,0,0,0,0,0,0,0,6550,6450,6430,0,0,0,0,0,0,0,574,1100,2,0,0,0,0,0,0,0,0,0,3,
100660,084634,1525909595.645063,6560,6590,6600,0,0,0,0,0,0,0,153,289,1102,0,0,0,0,0,0,0,6550,6450,6430,0,0,0,0,0,0,0,574,1100,2,0,0,0,0,0,0,0,0,0,3,
100660,084634,1525909595.688217,6560,6590,6600,0,0,0,0,0,0,0,153,289,1102,0,0,0,0,0,0,0,6550,6450,6430,0,0,0,0,0,0,0,574,1100,2,0,0,0,0,0,0,0,0,0,3,
100660,084638,1525909600.0802186,6560,6590,6600,0,0,0,0,0,0,0,153,289,1102,0,0,0,0,0,0,0,6550,6450,6430,0,0,0,0,0,0,0,574,1100,2,0,0,0,0,0,0,0,0,0,3,
100660,084642,1525909603.6050322,6560,6590,6600,0,0,0,0,0,0,0,153,289,1102,0,0,0,0,0,0,0,6550,6450,6430,0,0,0,0,0,0,0,575,1100,2,0,0,0,0,0,0,0,0,0,3,
100660,084645,1525909606.4360898,6560,6590,6600,0,0,0,0,0,0,0,153,289,1102,0,0,0,0,0,0,0,6550,6450,6430,0,0,0,0,0,0,0,1075,1100,2,0,0,0,0,0,0,0,0,0,3,
100660,084647,1525909608.680516,6560,6590,6600,0,0,0,0,0,0,0,153,289,1102,0,0,0,0,0,0,0,6550,6450,6430,0,0,0,0,0,0,0,1075,1100,2,0,0,0,0,0,0,0,0,0,3,
100660,084650,1525909612.041183,6560,6590,6600,0,0,0,0,0,0,0,153,289,1102,0,0,0,0,0,0,0,6550,6450,6430,0,0,0,0,0,0,0,1075,1100,2,0,0,0,0,0,0,0,0,0,3,
100660,084700,1525909621.3872926,6560,6590,6600,0,0,0,0,0,0,0,153,289,1102,0,0,0,0,0,0,0,6550,6450,6430,0,0,0,0,0,0,0,925,1100,2,0,0,0,0,0,0,0,0,0,3,
100660,084701,1525909623.102943,6560,6590,6600,0,0,0,0,0,0,0,153,289,1102,0,0,0,0,0,0,0,6550,6450,6430,0,0,0,0,0,0,0,925,1100,2,0,0,0,0,0,0,0,0,0,3,
100660,084705,1525909626.7697215,6590,6600,6610,0,0,0,0,0,0,0,289,1102,116,0,0,0,0,0,0,0,6560,6550,6450,0,0,0,0,0,0,0,124,1148,1100,0,0,0,0,0,0,0,0,0,3,
100660,084705,1525909626.834789,6590,6600,6610,0,0,0,0,0,0,0,289,1102,116,0,0,0,0,0,0,0,6560,6550,6450,0,0,0,0,0,0,0,124,1148,1100,0,0,0,0,0,0,0,0,0,3,
100660,084715,1525909636.1238105,6600,6610,6620,0,0,0,0,0,0,0,641,116,579,0,0,0,0,0,0,0,6560,6550,6450,0,0,0,0,0,0,0,158,1148,1100,0,0,0,0,0,0,0,0,0,3,
100660,084720,1525909641.467654,6600,6610,6620,0,0,0,0,0,0,0,486,116,579,0,0,0,0,0,0,0,6560,6550,6450,0,0,0,0,0,0,0,158,1148,1100,0,0,0,0,0,0,0,0,0,3,
100660,084723,1525909644.6227744,6600,6610,6620,0,0,0,0,0,0,0,486,116,579,0,0,0,0,0,0,0,6560,6550,6450,0,0,0,0,0,0,0,158,1148,1100,0,0,0,0,0,0,0,0,0,3,
100660,084723,1525909644.728977,6600,6610,6620,0,0,0,0,0,0,0,466,116,579,0,0,0,0,0,0,0,6560,6550,6450,0,0,0,0,0,0,0,158,1148,1100,0,0,0,0,0,0,0,0,0,3,
100660,084732,1525909653.5368922,6600,6610,6620,0,0,0,0,0,0,0,470,116,579,0,0,0,0,0,0,0,6560,6550,6450,0,0,0,0,0,0,0,158,1148,1100,0,0,0,0,0,0,0,0,0,3,
100660,084734,1525909655.8685932,6600,6610,6620,0,0,0,0,0,0,0,474,116,579,0,0,0,0,0,0,0,6560,6550,6450,0,0,0,0,0,0,0,158,1148,1100,0,0,0,0,0,0,0,0,0,3,
100660,084736,1525909657.5955658,6600,6610,6620,0,0,0,0,0,0,0,474,116,579,0,0,0,0,0,0,0,6560,6550,6450,0,0,0,0,0,0,0,306,1000,1100,0,0,0,0,0,0,0,0,0,3,
100660,084738,1525909659.9958994,6600,6610,6620,0,0,0,0,0,0,0,478,116,579,0,0,0,0,0,0,0,6560,6550,6450,0,0,0,0,0,0,0,306,1000,1100,0,0,0,0,0,0,0,0,0,3,
100660,084740,1525909661.5993538,6600,6610,6620,0,0,0,0,0,0,0,323,116,579,0,0,0,0,0,0,0,6560,6550,6450,0,0,0,0,0,0,0,306,1000,1100,0,0,0,0,0,0,0,0,0,3,
100660,084741,1525909662.5603871,6600,6610,6620,0,0,0,0,0,0,0,327,116,579,0,0,0,0,0,0,0,6560,6550,6450,0,0,0,0,0,0,0,306,1000,1100,0,0,0,0,0,0,0,0,0,3,
100660,084743,1525909664.6471822,6590,6600,6610,0,0,0,0,0,0,0,164,1102,116,0,0,0,0,0,0,0,6560,6550,6450,0,0,0,0,0,0,0,306,1000,1100,0,0,0,0,0,0,0,0,0,3,
100660,084743,1525909664.8644252,6590,6600,6610,0,0,0,0,0,0,0,168,1102,116,0,0,0,0,0,0,0,6560,6550,6450,0,0,0,0,0,0,0,306,1000,1100,0,0,0,0,0,0,0,0,0,3,
100660,084750,1525909671.4319274,6590,6600,6610,0,0,0,0,0,0,0,168,1102,116,0,0,0,0,0,0,0,6560,6550,6500,0,0,0,0,0,0,0,306,1000,40,0,0,0,0,0,0,0,0,0,3,
100660,084751,1525909672.5502741,6590,6600,6610,0,0,0,0,0,0,0,172,1102,116,0,0,0,0,0,0,0,6560,6550,6500,0,0,0,0,0,0,0,306,1000,40,0,0,0,0,0,0,0,0,0,3,
100660,084752,1525909673.194416,6590,6600,6610,0,0,0,0,0,0,0,172,1102,116,0,0,0,0,0,0,0,6560,6550,6500,0,0,0,0,0,0,0,306,1000,40,0,0,0,0,0,0,0,0,0,3,
100660,084753,1525909675.00257,6600,6610,6620,0,0,0,0,0,0,0,494,116,579,0,0,0,0,0,0,0,6560,6550,6500,0,0,0,0,0,0,0,306,1000,40,0,0,0,0,0,0,0,0,0,3,
100660,084753,1525909675.060587,6600,6610,6620,0,0,0,0,0,0,0,498,116,579,0,0,0,0,0,0,0,6560,6550,6500,0,0,0,0,0,0,0,306,1000,40,0,0,0,0,0,0,0,0,0,3,
100660,084757,1525909678.6397192,6600,6610,6620,0,0,0,0,0,0,0,498,116,579,0,0,0,0,0,0,0,6560,6550,6500,0,0,0,0,0,0,0,306,1000,40,0,0,0,0,0,0,0,0,0,3,
100660,084757,1525909678.9596913,6600,6610,6620,0,0,0,0,0,0,0,498,116,579,0,0,0,0,0,0,0,6560,6550,6500,0,0,0,0,0,0,0,381,1000,40,0,0,0,0,0,0,0,0,0,3,
100660,084758,1525909679.3348055,6600,6610,6620,0,0,0,0,0,0,0,498,116,579,0,0,0,0,0,0,0,6560,6550,6500,0,0,0,0,0,0,0,381,1000,40,0,0,0,0,0,0,0,0,0,3,
100660,084800,1525909681.4755652,6600,6610,6620,0,0,0,0,0,0,0,344,116,579,0,0,0,0,0,0,0,6560,6550,6500,0,0,0,0,0,0,0,381,1000,40,0,0,0,0,0,0,0,0,0,3,
100660,084801,1525909682.7555394,6600,6610,6620,0,0,0,0,0,0,0,348,116,579,0,0,0,0,0,0,0,6560,6550,6500,0,0,0,0,0,0,0,381,1000,40,0,0,0,0,0,0,0,0,0,3,
100660,084803,1525909684.1847255,6600,6610,6620,0,0,0,0,0,0,0,348,116,579,0,0,0,0,0,0,0,6560,6550,6500,0,0,0,0,0,0,0,381,1000,140,0,0,0,0,0,0,0,0,0,3,
100660,084803,1525909685.1073577,6600,6610,6620,0,0,0,0,0,0,0,352,116,579,0,0,0,0,0,0,0,6560,6550,6500,0,0,0,0,0,0,0,381,1000,140,0,0,0,0,0,0,0,0,0,3,
100660,084804,1525909685.4271183,6600,6610,6620,0,0,0,0,0,0,0,352,116,579,0,0,0,0,0,0,0,6560,6550,6500,0,0,0,0,0,0,0,381,1000,140,0,0,0,0,0,0,0,0,0,3,
100660,084805,1525909686.168513,6600,6610,6620,0,0,0,0,0,0,0,352,116,579,0,0,0,0,0,0,0,6560,6550,6500,0,0,0,0,0,0,0,381,1000,140,0,0,0,0,0,0,0,0,0,3,
100660,084805,1525909686.6012409,6600,6610,6620,0,0,0,0,0,0,0,252,116,579,0,0,0,0,0,0,0,6560,6550,6500,0,0,0,0,0,0,0,381,1000,140,0,0,0,0,0,0,0,0,0,3,
100660,084807,1525909688.6330228,6600,6610,6620,0,0,0,0,0,0,0,256,116,579,0,0,0,0,0,0,0,6560,6550,6500,0,0,0,0,0,0,0,381,1000,140,0,0,0,0,0,0,0,0,0,3,
100660,084809,1525909690.5563195,6600,6610,6620,0,0,0,0,0,0,0,256,116,579,0,0,0,0,0,0,0,6560,6550,6500,0,0,0,0,0,0,0,381,1000,140,0,0,0,0,0,0,0,0,0,3,
100660,084813,1525909694.5634503,6600,6610,6620,0,0,0,0,0,0,0,256,116,579,0,0,0,0,0,0,0,6560,6550,6500,0,0,0,0,0,0,0,381,1000,140,0,0,0,0,0,0,0,0,0,3,
100660,084813,1525909694.937383,6600,6610,6620,0,0,0,0,0,0,0,296,116,579,0,0,0,0,0,0,0,6560,6550,6500,0,0,0,0,0,0,0,381,1000,140,0,0,0,0,0,0,0,0,0,3,
100660,084814,1525909695.3660414,6600,6610,6620,0,0,0,0,0,0,0,299,116,579,0,0,0,0,0,0,0,6560,6550,6500,0,0,0,0,0,0,0,381,1000,140,0,0,0,0,0,0,0,0,0,3,
100660,084815,1525909696.3862047,6600,6610,6620,0,0,0,0,0,0,0,291,116,579,0,0,0,0,0,0,0,6560,6550,6500,0,0,0,0,0,0,0,381,1000,140,0,0,0,0,0,0,0,0,0,3,
100660,084815,1525909696.4834204,6600,6610,6620,0,0,0,0,0,0,0,291,116,579,0,0,0,0,0,0,0,6560,6550,6500,0,0,0,0,0,0,0,381,1000,140,0,0,0,0,0,0,0,0,0,3,
100660,084816,1525909697.7205322,6600,6610,6620,0,0,0,0,0,0,0,294,116,579,0,0,0,0,0,0,0,6560,6550,6500,0,0,0,0,0,0,0,381,1000,140,0,0,0,0,0,0,0,0,0,3,
100660,084818,1525909700.0204108,6600,6610,6620,0,0,0,0,0,0,0,294,116,579,0,0,0,0,0,0,0,6560,6550,6500,0,0,0,0,0,0,0,381,1000,40,0,0,0,0,0,0,0,0,0,3,
100660,084822,1525909703.9754875,6600,6610,6620,0,0,0,0,0,0,0,296,116,579,0,0,0,0,0,0,0,6560,6550,6500,0,0,0,0,0,0,0,381,1000,40,0,0,0,0,0,0,0,0,0,3,
100660,084823,1525909704.4506345,6600,6610,6620,0,0,0,0,0,0,0,296,116,579,0,0,0,0,0,0,0,6560,6550,6500,0,0,0,0,0,0,0,381,1000,40,0,0,0,0,0,0,0,0,0,3,
100660,084825,1525909706.749984,6600,6610,6620,0,0,0,0,0,0,0,298,116,579,0,0,0,0,0,0,0,6560,6550,6500,0,0,0,0,0,0,0,381,1000,40,0,0,0,0,0,0,0,0,0,3,
100660,084826,1525909707.7163098,6600,6610,6620,0,0,0,0,0,0,0,298,116,579,0,0,0,0,0,0,0,6560,6550,6500,0,0,0,0,0,0,0,381,1000,40,0,0,0,0,0,0,0,0,0,3,
100660,084828,1525909709.1612108,6600,6610,6620,0,0,0,0,0,0,0,300,116,579,0,0,0,0,0,0,0,6560,6550,6500,0,0,0,0,0,0,0,381,1000,40,0,0,0,0,0,0,0,0,0,3,
100660,084828,1525909709.640598,6600,6610,6620,0,0,0,0,0,0,0,400,116,579,0,0,0,0,0,0,0,6560,6550,6500,0,0,0,0,0,0,0,381,1000,40,0,0,0,0,0,0,0,0,0,3,
100660,084829,1525909710.980549,6600,6610,6620,0,0,0,0,0,0,0,400,116,579,0,0,0,0,0,0,0,6560,6550,6500,0,0,0,0,0,0,0,381,1000,40,0,0,0,0,0,0,0,0,0,3,
100660,084830,1525909711.6189404,6600,6610,6620,0,0,0,0,0,0,0,92,116,579,0,0,0,0,0,0,0,6560,6550,6500,0,0,0,0,0,0,0,381,1000,40,0,0,0,0,0,0,0,0,0,3,
100660,084831,1525909712.7920115,6600,6610,6620,0,0,0,0,0,0,0,92,116,579,0,0,0,0,0,0,0,6560,6550,6500,0,0,0,0,0,0,0,381,1000,40,0,0,0,0,0,0,0,0,0,3,
100660,084832,1525909714.128631,6600,6610,6620,0,0,0,0,0,0,0,94,116,579,0,0,0,0,0,0,0,6560,6550,6500,0,0,0,0,0,0,0,381,1000,40,0,0,0,0,0,0,0,0,0,3,
100660,084834,1525909715.40753,6600,6610,6620,0,0,0,0,0,0,0,94,116,579,0,0,0,0,0,0,0,6560,6550,6500,0,0,0,0,0,0,0,233,1000,40,0,0,0,0,0,0,0,0,0,3,
100660,084835,1525909716.2138803,6600,6610,6620,0,0,0,0,0,0,0,96,116,579,0,0,0,0,0,0,0,6560,6550,6500,0,0,0,0,0,0,0,233,1000,40,0,0,0,0,0,0,0,0,0,3,
100660,084836,1525909717.2289574,6600,6610,6620,0,0,0,0,0,0,0,96,116,579,0,0,0,0,0,0,0,6560,6550,6500,0,0,0,0,0,0,0,233,1000,40,0,0,0,0,0,0,0,0,0,3,
100660,084837,1525909718.6145692,6600,6610,6620,0,0,0,0,0,0,0,98,116,579,0,0,0,0,0,0,0,6560,6550,6500,0,0,0,0,0,0,0,233,1000,40,0,0,0,0,0,0,0,0,0,3,
100660,084839,1525909720.3229532,6600,6610,6620,0,0,0,0,0,0,0,98,116,579,0,0,0,0,0,0,0,6560,6550,6500,0,0,0,0,0,0,0,233,1000,40,0,0,0,0,0,0,0,0,0,3,
100660,084840,1525909721.6567218,6600,6610,6620,0,0,0,0,0,0,0,100,116,579,0,0,0,0,0,0,0,6560,6550,6500,0,0,0,0,0,0,0,233,1000,40,0,0,0,0,0,0,0,0,0,3,
100660,084842,1525909723.4219048,6600,6610,6620,0,0,0,0,0,0,0,100,116,579,0,0,0,0,0,0,0,6560,6550,6500,0,0,0,0,0,0,0,233,1000,40,0,0,0,0,0,0,0,0,0,3,
100660,084842,1525909724.1161454,6600,6610,6620,0,0,0,0,0,0,0,100,116,579,0,0,0,0,0,0,0,6560,6550,6500,0,0,0,0,0,0,0,233,1000,40,0,0,0,0,0,0,0,0,0,3,
100660,084843,1525909724.1764407,6600,6610,6620,0,0,0,0,0,0,0,102,116,579,0,0,0,0,0,0,0,6560,6550,6500,0,0,0,0,0,0,0,233,1000,40,0,0,0,0,0,0,0,0,0,3,
100660,084843,1525909724.6490672,6600,6610,6620,0,0,0,0,0,0,0,134,116,579,0,0,0,0,0,0,0,6560,6550,6500,0,0,0,0,0,0,0,233,1000,40,0,0,0,0,0,0,0,0,0,3,
100660,084843,1525909724.7031448,6600,6610,6620,0,0,0,0,0,0,0,134,116,579,0,0,0,0,0,0,0,6560,6550,6500,0,0,0,0,0,0,0,233,1000,40,0,0,0,0,0,0,0,0,0,3,
100660,084845,1525909726.3614998,6600,6610,6620,0,0,0,0,0,0,0,136,116,579,0,0,0,0,0,0,0,6560,6550,6500,0,0,0,0,0,0,0,233,1000,40,0,0,0,0,0,0,0,0,0,3,
100660,084846,1525909728.071797,6600,6610,6620,0,0,0,0,0,0,0,136,116,579,0,0,0,0,0,0,0,6560,6550,6500,0,0,0,0,0,0,0,233,1000,40,0,0,0,0,0,0,0,0,0,3,
100660,084847,1525909728.9234886,6600,6610,6620,0,0,0,0,0,0,0,138,116,579,0,0,0,0,0,0,0,6560,6550,6500,0,0,0,0,0,0,0,233,1000,40,0,0,0,0,0,0,0,0,0,3,
100660,084848,1525909730.0829728,6600,6610,6620,0,0,0,0,0,0,0,138,116,579,0,0,0,0,0,0,0,6560,6550,6500,0,0,0,0,0,0,0,233,1000,40,0,0,0,0,0,0,0,0,0,3,
100660,084849,1525909730.56576,6600,6610,6620,0,0,0,0,0,0,0,138,116,579,0,0,0,0,0,0,0,6560,6550,6500,0,0,0,0,0,0,0,233,1000,40,0,0,0,0,0,0,0,0,0,3,
100660,084851,1525909732.6063719,6600,6610,6620,0,0,0,0,0,0,0,140,116,579,0,0,0,0,0,0,0,6560,6550,6500,0,0,0,0,0,0,0,233,1000,40,0,0,0,0,0,0,0,0,0,3,
100660,084854,1525909735.923461,6600,6610,6620,0,0,0,0,0,0,0,140,116,579,0,0,0,0,0,0,0,6560,6550,6500,0,0,0,0,0,0,0,233,1000,40,0,0,0,0,0,0,0,0,0,3,
100660,084855,1525909736.562657,6620,6630,6640,0,0,0,0,0,0,0,490,220,200,0,0,0,0,0,0,0,6610,6560,6550,0,0,0,0,0,0,0,155,233,1000,0,0,0,0,0,0,0,0,0,3,
100660,084857,1525909738.2198648,6620,6630,6640,0,0,0,0,0,0,0,490,220,200,0,0,0,0,0,0,0,6610,6560,6550,0,0,0,0,0,0,0,155,233,1000,0,0,0,0,0,0,0,0,0,3,
100660,084857,1525909738.8651168,6620,6630,6640,0,0,0,0,0,0,0,490,220,200,0,0,0,0,0,0,0,6610,6560,6550,0,0,0,0,0,0,0,155,233,1000,0,0,0,0,0,0,0,0,0,3,
100660,084857,1525909739.0201385,6620,6630,6640,0,0,0,0,0,0,0,492,220,200,0,0,0,0,0,0,0,6610,6560,6550,0,0,0,0,0,0,0,155,233,1000,0,0,0,0,0,0,0,0,0,3,
100660,084858,1525909739.5564654,6620,6630,6640,0,0,0,0,0,0,0,492,220,200,0,0,0,0,0,0,0,6610,6560,6550,0,0,0,0,0,0,0,155,233,1000,0,0,0,0,0,0,0,0,0,3,
100660,084859,1525909740.8818948,6620,6630,6640,0,0,0,0,0,0,0,495,220,200,0,0,0,0,0,0,0,6610,6560,6550,0,0,0,0,0,0,0,155,233,1000,0,0,0,0,0,0,0,0,0,3,
100660,084900,1525909741.3655343,6620,6630,6640,0,0,0,0,0,0,0,497,220,200,0,0,0,0,0,0,0,6610,6560,6550,0,0,0,0,0,0,0,155,233,1000,0,0,0,0,0,0,0,0,0,3,
100660,084900,1525909741.85442,6620,6630,6640,0,0,0,0,0,0,0,497,220,200,0,0,0,0,0,0,0,6610,6560,6550,0,0,0,0,0,0,0,155,233,1000,0,0,0,0,0,0,0,0,0,3,
100660,084900,1525909741.898547,6620,6630,6640,0,0,0,0,0,0,0,521,220,200,0,0,0,0,0,0,0,6610,6560,6550,0,0,0,0,0,0,0,155,233,1000,0,0,0,0,0,0,0,0,0,3,
100660,084902,1525909744.0485306,6620,6630,6640,0,0,0,0,0,0,0,521,220,200,0,0,0,0,0,0,0,6610,6560,6550,0,0,0,0,0,0,0,155,233,1000,0,0,0,0,0,0,0,0,0,3,
100660,084903,1525909744.2089236,6620,6630,6640,0,0,0,0,0,0,0,523,220,200,0,0,0,0,0,0,0,6610,6560,6550,0,0,0,0,0,0,0,155,233,1000,0,0,0,0,0,0,0,0,0,3,
100660,084903,1525909744.474476,6620,6630,6640,0,0,0,0,0,0,0,523,220,200,0,0,0,0,0,0,0,6610,6560,6550,0,0,0,0,0,0,0,155,233,1000,0,0,0,0,0,0,0,0,0,3,
100660,084905,1525909746.6665256,6620,6630,6640,0,0,0,0,0,0,0,525,220,200,0,0,0,0,0,0,0,6610,6560,6550,0,0,0,0,0,0,0,155,233,1000,0,0,0,0,0,0,0,0,0,3,
100660,084908,1525909749.2345748,6620,6630,6640,0,0,0,0,0,0,0,527,220,200,0,0,0,0,0,0,0,6610,6560,6550,0,0,0,0,0,0,0,155,233,1000,0,0,0,0,0,0,0,0,0,3,
100660,084910,1525909751.2655802,6620,6630,6640,0,0,0,0,0,0,0,527,220,200,0,0,0,0,0,0,0,6610,6560,6550,0,0,0,0,0,0,0,155,233,1000,0,0,0,0,0,0,0,0,0,3,
100660,084910,1525909751.5282655,6620,6630,6640,0,0,0,0,0,0,0,529,220,200,0,0,0,0,0,0,0,6610,6560,6550,0,0,0,0,0,0,0,155,233,1000,0,0,0,0,0,0,0,0,0,3,
100660,084911,1525909752.6122582,6620,6630,6640,0,0,0,0,0,0,0,529,220,200,0,0,0,0,0,0,0,6610,6560,6550,0,0,0,0,0,0,0,155,233,1000,0,0,0,0,0,0,0,0,0,3,
100660,084912,1525909754.1089852,6620,6630,6640,0,0,0,0,0,0,0,531,220,200,0,0,0,0,0,0,0,6610,6560,6550,0,0,0,0,0,0,0,155,233,1000,0,0,0,0,0,0,0,0,0,3,
100660,084913,1525909754.1632931,6600,6610,6620,0,0,0,0,0,0,0,126,116,134,0,0,0,0,0,0,0,6560,6550,6500,0,0,0,0,0,0,0,233,1000,90,0,0,0,0,0,0,0,0,0,3,
100660,084914,1525909755.719104,6600,6610,6620,0,0,0,0,0,0,0,626,116,134,0,0,0,0,0,0,0,6560,6550,6500,0,0,0,0,0,0,0,233,1000,90,0,0,0,0,0,0,0,0,0,3,
100660,084915,1525909756.685072,6600,6610,6620,0,0,0,0,0,0,0,628,116,134,0,0,0,0,0,0,0,6560,6550,6500,0,0,0,0,0,0,0,233,1000,90,0,0,0,0,0,0,0,0,0,3,
100660,084916,1525909757.382086,6600,6610,6620,0,0,0,0,0,0,0,628,116,134,0,0,0,0,0,0,0,6560,6550,6500,0,0,0,0,0,0,0,233,1000,90,0,0,0,0,0,0,0,0,0,3,
100660,084917,1525909759.105256,6600,6610,6620,0,0,0,0,0,0,0,630,116,134,0,0,0,0,0,0,0,6560,6550,6500,0,0,0,0,0,0,0,233,1000,90,0,0,0,0,0,0,0,0,0,3,
100660,084919,1525909760.8210156,6600,6610,6620,0,0,0,0,0,0,0,648,116,134,0,0,0,0,0,0,0,6560,6550,6500,0,0,0,0,0,0,0,233,1000,90,0,0,0,0,0,0,0,0,0,3,
100660,084920,1525909761.8975246,6600,6610,6620,0,0,0,0,0,0,0,650,116,134,0,0,0,0,0,0,0,6560,6550,6500,0,0,0,0,0,0,0,233,1000,90,0,0,0,0,0,0,0,0,0,3,
100660,084922,1525909763.8876696,6600,6610,6620,0,0,0,0,0,0,0,650,116,134,0,0,0,0,0,0,0,6560,6550,6500,0,0,0,0,0,0,0,233,1000,90,0,0,0,0,0,0,0,0,0,3,
100660,084929,1525909770.301034,6600,6610,6620,0,0,0,0,0,0,0,650,116,134,0,0,0,0,0,0,0,6560,6550,6500,0,0,0,0,0,0,0,233,1150,90,0,0,0,0,0,0,0,0,0,3,
100660,084931,1525909772.653895,6600,6610,6620,0,0,0,0,0,0,0,666,116,134,0,0,0,0,0,0,0,6560,6550,6500,0,0,0,0,0,0,0,233,1150,90,0,0,0,0,0,0,0,0,0,3,
100660,084931,1525909773.027932,6600,6610,6620,0,0,0,0,0,0,0,636,116,134,0,0,0,0,0,0,0,6560,6550,6500,0,0,0,0,0,0,0,233,1150,90,0,0,0,0,0,0,0,0,0,3,
100660,084932,1525909774.096138,6610,6620,6630,0,0,0,0,0,0,0,116,134,220,0,0,0,0,0,0,0,6600,6560,6550,0,0,0,0,0,0,0,364,233,1150,0,0,0,0,0,0,0,0,0,3,
100660,084934,1525909775.1726656,6610,6620,6630,0,0,0,0,0,0,0,116,134,220,0,0,0,0,0,0,0,6600,6560,6550,0,0,0,0,0,0,0,364,233,1150,0,0,0,0,0,0,0,0,0,3,
100660,084934,1525909775.6509645,6610,6620,6630,0,0,0,0,0,0,0,116,134,220,0,0,0,0,0,0,0,6600,6560,6550,0,0,0,0,0,0,0,364,233,1150,0,0,0,0,0,0,0,0,0,3,
100660,084935,1525909776.87864,6610,6620,6630,0,0,0,0,0,0,0,116,134,220,0,0,0,0,0,0,0,6600,6560,6550,0,0,0,0,0,0,0,382,233,1150,0,0,0,0,0,0,0,0,0,3,
100660,084937,1525909778.3781064,6610,6620,6630,0,0,0,0,0,0,0,116,134,220,0,0,0,0,0,0,0,6600,6560,6550,0,0,0,0,0,0,0,383,233,1150,0,0,0,0,0,0,0,0,0,3,
100660,084938,1525909780.0905762,6610,6620,6630,0,0,0,0,0,0,0,116,134,220,0,0,0,0,0,0,0,6600,6560,6550,0,0,0,0,0,0,0,983,233,1150,0,0,0,0,0,0,0,0,0,3,
100660,084941,1525909782.284719,6610,6620,6630,0,0,0,0,0,0,0,116,134,220,0,0,0,0,0,0,0,6600,6560,6550,0,0,0,0,0,0,0,983,233,1150,0,0,0,0,0,0,0,0,0,3,
100660,084941,1525909782.553057,6610,6620,6630,0,0,0,0,0,0,0,116,134,220,0,0,0,0,0,0,0,6600,6560,6550,0,0,0,0,0,0,0,983,233,1150,0,0,0,0,0,0,0,0,0,3,
100660,084941,1525909782.6472995,6610,6620,6630,0,0,0,0,0,0,0,116,134,220,0,0,0,0,0,0,0,6600,6560,6550,0,0,0,0,0,0,0,371,233,1150,0,0,0,0,0,0,0,0,0,3,
100660,084941,1525909782.7132814,6610,6620,6630,0,0,0,0,0,0,0,166,134,220,0,0,0,0,0,0,0,6600,6560,6550,0,0,0,0,0,0,0,371,233,1150,0,0,0,0,0,0,0,0,0,3,
100660,084941,1525909782.76343,6610,6620,6630,0,0,0,0,0,0,0,166,134,220,0,0,0,0,0,0,0,6600,6560,6550,0,0,0,0,0,0,0,371,233,1150,0,0,0,0,0,0,0,0,0,3,
100660,084943,1525909784.5325398,6610,6620,6630,0,0,0,0,0,0,0,166,134,220,0,0,0,0,0,0,0,6600,6560,6550,0,0,0,0,0,0,0,371,233,1150,0,0,0,0,0,0,0,0,0,3,
100660,084943,1525909784.586785,6610,6620,6630,0,0,0,0,0,0,0,166,134,220,0,0,0,0,0,0,0,6600,6560,6550,0,0,0,0,0,0,0,21,233,1150,0,0,0,0,0,0,0,0,0,3,
100660,084944,1525909785.4022086,6610,6620,6630,0,0,0,0,0,0,0,166,134,220,0,0,0,0,0,0,0,6600,6560,6550,0,0,0,0,0,0,0,21,233,1150,0,0,0,0,0,0,0,0,0,3,
100660,084946,1525909787.5848517,6600,6610,6620,0,0,0,0,0,0,0,376,166,134,0,0,0,0,0,0,0,6560,6550,6500,0,0,0,0,0,0,0,233,1547,90,0,0,0,0,0,0,0,0,0,3,
100660,084951,1525909792.8277497,6600,6610,6620,0,0,0,0,0,0,0,376,166,134,0,0,0,0,0,0,0,6560,6550,6500,0,0,0,0,0,0,0,233,1547,90,0,0,0,0,0,0,0,0,0,3,
100660,084951,1525909792.8798494,6600,6610,6620,0,0,0,0,0,0,0,376,166,134,0,0,0,0,0,0,0,6560,6550,6500,0,0,0,0,0,0,0,233,1547,90,0,0,0,0,0,0,0,0,0,3,
100660,084951,1525909792.9319298,6600,6610,6620,0,0,0,0,0,0,0,376,166,134,0,0,0,0,0,0,0,6560,6550,6500,0,0,0,0,0,0,0,233,1547,90,0,0,0,0,0,0,0,0,0,3,
100660,084951,1525909792.9890897,6600,6610,6620,0,0,0,0,0,0,0,376,166,134,0,0,0,0,0,0,0,6560,6550,6500,0,0,0,0,0,0,0,233,1547,90,0,0,0,0,0,0,0,0,0,3,
100660,084951,1525909793.0373886,6600,6610,6620,0,0,0,0,0,0,0,376,166,134,0,0,0,0,0,0,0,6560,6550,6500,0,0,0,0,0,0,0,233,1547,90,0,0,0,0,0,0,0,0,0,3,
100660,084951,1525909793.07954,6600,6610,6620,0,0,0,0,0,0,0,376,166,134,0,0,0,0,0,0,0,6560,6550,6500,0,0,0,0,0,0,0,233,1547,90,0,0,0,0,0,0,0,0,0,3,
100660,084951,1525909793.146643,6600,6610,6620,0,0,0,0,0,0,0,376,166,134,0,0,0,0,0,0,0,6560,6550,6500,0,0,0,0,0,0,0,233,1547,90,0,0,0,0,0,0,0,0,0,3,
100660,084952,1525909793.2017303,6600,6610,6620,0,0,0,0,0,0,0,376,166,134,0,0,0,0,0,0,0,6560,6550,6500,0,0,0,0,0,0,0,233,1547,90,0,0,0,0,0,0,0,0,0,3,
100660,084952,1525909793.7319314,6600,6610,6620,0,0,0,0,0,0,0,376,166,134,0,0,0,0,0,0,0,6560,6550,6500,0,0,0,0,0,0,0,233,1547,90,0,0,0,0,0,0,0,0,0,3,
100660,084952,1525909793.784966,6600,6610,6620,0,0,0,0,0,0,0,376,166,134,0,0,0,0,0,0,0,6560,6550,6500,0,0,0,0,0,0,0,233,1547,90,0,0,0,0,0,0,0,0,0,3,
100660,084952,1525909793.8913987,6600,6610,6620,0,0,0,0,0,0,0,376,166,134,0,0,0,0,0,0,0,6560,6550,6500,0,0,0,0,0,0,0,233,1547,90,0,0,0,0,0,0,0,0,0,3,
100660,084952,1525909793.9490929,6600,6610,6620,0,0,0,0,0,0,0,376,166,134,0,0,0,0,0,0,0,6560,6550,6500,0,0,0,0,0,0,0,233,1547,90,0,0,0,0,0,0,0,0,0,3,
100660,084952,1525909793.9991665,6600,6610,6620,0,0,0,0,0,0,0,376,166,134,0,0,0,0,0,0,0,6560,6550,6500,0,0,0,0,0,0,0,233,1547,90,0,0,0,0,0,0,0,0,0,3,
100660,084952,1525909794.0473022,6600,6610,6620,0,0,0,0,0,0,0,376,166,134,0,0,0,0,0,0,0,6560,6550,6500,0,0,0,0,0,0,0,233,1547,90,0,0,0,0,0,0,0,0,0,3,
100660,084952,1525909794.1083825,6600,6610,6620,0,0,0,0,0,0,0,376,166,134,0,0,0,0,0,0,0,6560,6550,6500,0,0,0,0,0,0,0,233,1547,90,0,0,0,0,0,0,0,0,0,3,
100660,084954,1525909795.33761,6560,6590,6600,0,0,0,0,0,0,0,253,639,1142,0,0,0,0,0,0,0,6550,6500,6450,0,0,0,0,0,0,0,438,90,1144,0,0,0,0,0,0,0,0,0,3,
100660,084955,1525909796.8361328,6560,6590,6600,0,0,0,0,0,0,0,253,639,1142,0,0,0,0,0,0,0,6550,6500,6450,0,0,0,0,0,0,0,438,90,1144,0,0,0,0,0,0,0,0,0,3,
100660,084956,1525909797.6946034,6550,6560,6590,0,0,0,0,0,0,0,162,253,639,0,0,0,0,0,0,0,6500,6450,6430,0,0,0,0,0,0,0,90,1144,2,0,0,0,0,0,0,0,0,0,3,
100660,085000,1525909801.305859,6550,6560,6590,0,0,0,0,0,0,0,162,253,639,0,0,0,0,0,0,0,6500,6450,6430,0,0,0,0,0,0,0,90,1144,2,0,0,0,0,0,0,0,0,0,3,
100660,085003,1525909804.9380956,6550,6560,6590,0,0,0,0,0,0,0,238,253,639,0,0,0,0,0,0,0,6500,6450,6430,0,0,0,0,0,0,0,90,1144,2,0,0,0,0,0,0,0,0,0,3,
100660,085005,1525909806.3423772,6550,6560,6590,0,0,0,0,0,0,0,238,253,639,0,0,0,0,0,0,0,6500,6450,6430,0,0,0,0,0,0,0,90,1144,2,0,0,0,0,0,0,0,0,0,3,
100660,085008,1525909809.5051727,6550,6560,6590,0,0,0,0,0,0,0,233,253,639,0,0,0,0,0,0,0,6500,6450,6430,0,0,0,0,0,0,0,90,1144,2,0,0,0,0,0,0,0,0,0,3,
100660,085009,1525909810.479632,6550,6560,6590,0,0,0,0,0,0,0,583,253,289,0,0,0,0,0,0,0,6500,6450,6430,0,0,0,0,0,0,0,90,1144,2,0,0,0,0,0,0,0,0,0,3,
100660,085012,1525909813.2206993,6550,6560,6590,0,0,0,0,0,0,0,583,253,744,0,0,0,0,0,0,0,6500,6450,6430,0,0,0,0,0,0,0,90,1144,2,0,0,0,0,0,0,0,0,0,3,
100660,085013,1525909814.6632485,6550,6560,6590,0,0,0,0,0,0,0,583,253,744,0,0,0,0,0,0,0,6500,6450,6430,0,0,0,0,0,0,0,90,1144,2,0,0,0,0,0,0,0,0,0,3,
100660,085014,1525909815.9009626,6550,6560,6590,0,0,0,0,0,0,0,582,253,744,0,0,0,0,0,0,0,6500,6450,6430,0,0,0,0,0,0,0,90,1144,2,0,0,0,0,0,0,0,0,0,3,
100660,085015,1525909816.656015,6550,6560,6590,0,0,0,0,0,0,0,782,253,744,0,0,0,0,0,0,0,6500,6450,6430,0,0,0,0,0,0,0,90,1144,2,0,0,0,0,0,0,0,0,0,3,
100660,085016,1525909818.046282,6550,6560,6590,0,0,0,0,0,0,0,1782,253,744,0,0,0,0,0,0,0,6500,6450,6430,0,0,0,0,0,0,0,90,1144,2,0,0,0,0,0,0,0,0,0,3,
100660,085017,1525909818.2085218,6550,6560,6590,0,0,0,0,0,0,0,2179,253,744,0,0,0,0,0,0,0,6500,6450,6430,0,0,0,0,0,0,0,90,1144,2,0,0,0,0,0,0,0,0,0,3,
100660,085018,1525909819.3889706,6550,6560,6590,0,0,0,0,0,0,0,2179,253,744,0,0,0,0,0,0,0,6500,6450,6430,0,0,0,0,0,0,0,90,1144,2,0,0,0,0,0,0,0,0,0,3,
100660,085021,1525909822.5099313,6550,6560,6590,0,0,0,0,0,0,0,2286,253,744,0,0,0,0,0,0,0,6500,6450,6430,0,0,0,0,0,0,0,90,1144,2,0,0,0,0,0,0,0,0,0,3,
100660,085023,1525909824.9370193,6550,6560,6590,0,0,0,0,0,0,0,1953,253,744,0,0,0,0,0,0,0,6500,6450,6430,0,0,0,0,0,0,0,90,1144,2,0,0,0,0,0,0,0,0,0,3,
100660,085024,1525909825.6323864,6550,6560,6590,0,0,0,0,0,0,0,1953,253,744,0,0,0,0,0,0,0,6500,6450,6430,0,0,0,0,0,0,0,90,1144,2,0,0,0,0,0,0,0,0,0,3,
100660,085027,1525909828.586048,6550,6560,6590,0,0,0,0,0,0,0,1953,253,744,0,0,0,0,0,0,0,6500,6450,6430,0,0,0,0,0,0,0,90,1144,2,0,0,0,0,0,0,0,0,0,3,
100660,085029,1525909830.894915,6550,6560,6590,0,0,0,0,0,0,0,1953,253,744,0,0,0,0,0,0,0,6500,6450,6430,0,0,0,0,0,0,0,90,1144,2,0,0,0,0,0,0,0,0,0,3,
100660,085030,1525909831.3779125,6550,6560,6590,0,0,0,0,0,0,0,1953,253,744,0,0,0,0,0,0,0,6500,6450,6430,0,0,0,0,0,0,0,90,1144,2,0,0,0,0,0,0,0,0,0,3,
100660,085031,1525909832.4447424,6550,6560,6590,0,0,0,0,0,0,0,1846,253,744,0,0,0,0,0,0,0,6500,6450,6430,0,0,0,0,0,0,0,90,1144,2,0,0,0,0,0,0,0,0,0,3,
100660,085031,1525909832.5148294,6550,6560,6590,0,0,0,0,0,0,0,1776,253,744,0,0,0,0,0,0,0,6500,6450,6430,0,0,0,0,0,0,0,90,1144,2,0,0,0,0,0,0,0,0,0,3,
100660,085033,1525909834.813294,6550,6560,6590,0,0,0,0,0,0,0,1776,253,744,0,0,0,0,0,0,0,6500,6450,6430,0,0,0,0,0,0,0,90,1144,2,0,0,0,0,0,0,0,0,0,3,
100660,085035,1525909836.3188522,6550,6560,6590,0,0,0,0,0,0,0,1776,253,744,0,0,0,0,0,0,0,6500,6450,6430,0,0,0,0,0,0,0,90,1144,2,0,0,0,0,0,0,0,0,0,3,
100660,085035,1525909836.6436322,6550,6560,6590,0,0,0,0,0,0,0,1776,253,744,0,0,0,0,0,0,0,6500,6450,6430,0,0,0,0,0,0,0,90,1144,2,0,0,0,0,0,0,0,0,0,3,
100660,085035,1525909836.9071763,6550,6560,6590,0,0,0,0,0,0,0,1776,253,744,0,0,0,0,0,0,0,6500,6450,6430,0,0,0,0,0,0,0,90,1144,2,0,0,0,0,0,0,0,0,0,3,
100660,085037,1525909838.3544557,6550,6560,6590,0,0,0,0,0,0,0,1789,253,744,0,0,0,0,0,0,0,6500,6450,6430,0,0,0,0,0,0,0,90,1144,2,0,0,0,0,0,0,0,0,0,3,
100660,085041,1525909842.5779989,6550,6560,6590,0,0,0,0,0,0,0,1789,253,744,0,0,0,0,0,0,0,6500,6450,6430,0,0,0,0,0,0,0,90,1144,2,0,0,0,0,0,0,0,0,0,3,
100660,085043,1525909844.8908324,6550,6560,6590,0,0,0,0,0,0,0,1789,253,744,0,0,0,0,0,0,0,6500,6450,6430,0,0,0,0,0,0,0,190,1144,2,0,0,0,0,0,0,0,0,0,3,
100660,085046,1525909847.6769238,6550,6560,6590,0,0,0,0,0,0,0,1789,253,744,0,0,0,0,0,0,0,6500,6450,6430,0,0,0,0,0,0,0,190,1144,2,0,0,0,0,0,0,0,0,0,3,
100660,085053,1525909855.0169618,6550,6560,6590,0,0,0,0,0,0,0,1789,253,744,0,0,0,0,0,0,0,6500,6450,6430,0,0,0,0,0,0,0,190,1144,2,0,0,0,0,0,0,0,0,0,3,
100660,085055,1525909856.9938838,6550,6560,6590,0,0,0,0,0,0,0,1749,253,744,0,0,0,0,0,0,0,6500,6450,6430,0,0,0,0,0,0,0,190,1144,2,0,0,0,0,0,0,0,0,0,3,
100660,085056,1525909857.4226854,6550,6560,6590,0,0,0,0,0,0,0,1971,253,744,0,0,0,0,0,0,0,6500,6450,6430,0,0,0,0,0,0,0,190,1144,2,0,0,0,0,0,0,0,0,0,3,
100660,085057,1525909858.2308815,6550,6560,6590,0,0,0,0,0,0,0,1971,253,744,0,0,0,0,0,0,0,6500,6450,6430,0,0,0,0,0,0,0,190,1144,2,0,0,0,0,0,0,0,0,0,3,
100660,085057,1525909858.4974506,6550,6560,6590,0,0,0,0,0,0,0,1971,253,744,0,0,0,0,0,0,0,6500,6450,6430,0,0,0,0,0,0,0,190,1144,2,0,0,0,0,0,0,0,0,0,3,
100660,085058,1525909859.560933,6550,6560,6590,0,0,0,0,0,0,0,1971,253,744,0,0,0,0,0,0,0,6500,6450,6430,0,0,0,0,0,0,0,190,1144,2,0,0,0,0,0,0,0,0,0,3,
100660,085058,1525909859.6190243,6550,6560,6590,0,0,0,0,0,0,0,2078,253,744,0,0,0,0,0,0,0,6500,6450,6430,0,0,0,0,0,0,0,190,1144,2,0,0,0,0,0,0,0,0,0,3,
100660,085100,1525909861.8672616,6550,6560,6590,0,0,0,0,0,0,0,2080,253,744,0,0,0,0,0,0,0,6500,6450,6430,0,0,0,0,0,0,0,190,1144,2,0,0,0,0,0,0,0,0,0,3,
100660,085101,1525909863.0938733,6550,6560,6590,0,0,0,0,0,0,0,2095,253,744,0,0,0,0,0,0,0,6500,6450,6430,0,0,0,0,0,0,0,190,1144,2,0,0,0,0,0,0,0,0,0,3,
100660,085107,1525909868.345231,6550,6560,6590,0,0,0,0,0,0,0,2110,253,744,0,0,0,0,0,0,0,6500,6450,6430,0,0,0,0,0,0,0,190,1144,2,0,0,0,0,0,0,0,0,0,3,
100660,085111,1525909872.943832,6550,6560,6590,0,0,0,0,0,0,0,2125,253,744,0,0,0,0,0,0,0,6500,6450,6430,0,0,0,0,0,0,0,190,1144,2,0,0,0,0,0,0,0,0,0,3,
100660,085113,1525909874.2878425,6550,6560,6590,0,0,0,0,0,0,0,2128,253,744,0,0,0,0,0,0,0,6500,6450,6430,0,0,0,0,0,0,0,190,1144,2,0,0,0,0,0,0,0,0,0,3,
100660,085115,1525909876.5924938,6550,6560,6590,0,0,0,0,0,0,0,2126,253,744,0,0,0,0,0,0,0,6500,6450,6430,0,0,0,0,0,0,0,190,1144,2,0,0,0,0,0,0,0,0,0,3,
100660,085116,1525909877.5001986,6550,6560,6590,0,0,0,0,0,0,0,2326,253,744,0,0,0,0,0,0,0,6500,6450,6430,0,0,0,0,0,0,0,190,1144,2,0,0,0,0,0,0,0,0,0,3,
100660,085118,1525909879.4276416,6550,6560,6590,0,0,0,0,0,0,0,2341,253,744,0,0,0,0,0,0,0,6500,6450,6430,0,0,0,0,0,0,0,190,1144,2,0,0,0,0,0,0,0,0,0,3,
100660,085122,1525909883.669088,6550,6560,6590,0,0,0,0,0,0,0,2341,253,744,0,0,0,0,0,0,0,6500,6450,6430,0,0,0,0,0,0,0,190,1144,2,0,0,0,0,0,0,0,0,0,3,
100660,085124,1525909885.3301907,6550,6560,6590,0,0,0,0,0,0,0,2241,253,744,0,0,0,0,0,0,0,6500,6450,6430,0,0,0,0,0,0,0,190,1144,2,0,0,0,0,0,0,0,0,0,3,
100660,085126,1525909887.5101938,6550,6560,6590,0,0,0,0,0,0,0,2241,253,744,0,0,0,0,0,0,0,6500,6450,6430,0,0,0,0,0,0,0,190,1144,2,0,0,0,0,0,0,0,0,0,3,
100660,085126,1525909887.9046524,6550,6560,6590,0,0,0,0,0,0,0,2341,253,744,0,0,0,0,0,0,0,6500,6450,6430,0,0,0,0,0,0,0,190,1144,2,0,0,0,0,0,0,0,0,0,3,
100660,085127,1525909888.2722623,6550,6560,6590,0,0,0,0,0,0,0,2337,253,744,0,0,0,0,0,0,0,6500,6450,6430,0,0,0,0,0,0,0,190,1144,2,0,0,0,0,0,0,0,0,0,3,
100660,085129,1525909890.1493773,6550,6560,6590,0,0,0,0,0,0,0,2332,253,744,0,0,0,0,0,0,0,6500,6450,6430,0,0,0,0,0,0,0,190,1144,2,0,0,0,0,0,0,0,0,0,3,
100660,085129,1525909890.9431024,6550,6560,6590,0,0,0,0,0,0,0,2502,253,744,0,0,0,0,0,0,0,6500,6450,6430,0,0,0,0,0,0,0,190,1144,2,0,0,0,0,0,0,0,0,0,3,
100660,085130,1525909891.3273592,6550,6560,6590,0,0,0,0,0,0,0,1502,253,744,0,0,0,0,0,0,0,6500,6450,6430,0,0,0,0,0,0,0,190,1144,2,0,0,0,0,0,0,0,0,0,3,
100660,085130,1525909891.701956,6550,6560,6590,0,0,0,0,0,0,0,1582,253,744,0,0,0,0,0,0,0,6500,6450,6430,0,0,0,0,0,0,0,190,1144,2,0,0,0,0,0,0,0,0,0,3,
100660,085135,1525909896.5802102,6550,6560,6590,0,0,0,0,0,0,0,1582,253,744,0,0,0,0,0,0,0,6500,6450,6430,0,0,0,0,0,0,0,190,1144,2,0,0,0,0,0,0,0,0,0,3,
100660,085137,1525909898.1353312,6550,6560,6590,0,0,0,0,0,0,0,1582,253,744,0,0,0,0,0,0,0,6500,6450,6430,0,0,0,0,0,0,0,190,1144,2,0,0,0,0,0,0,0,0,0,3,
100660,085138,1525909899.5850139,6550,6560,6590,0,0,0,0,0,0,0,1582,253,744,0,0,0,0,0,0,0,6500,6450,6430,0,0,0,0,0,0,0,190,1144,2,0,0,0,0,0,0,0,0,0,3,
100660,085139,1525909901.0861537,6550,6560,6590,0,0,0,0,0,0,0,1582,253,744,0,0,0,0,0,0,0,6500,6450,6430,0,0,0,0,0,0,0,190,1144,2,0,0,0,0,0,0,0,0,0,3,
100660,085143,1525909904.3522341,6550,6560,6590,0,0,0,0,0,0,0,1682,253,744,0,0,0,0,0,0,0,6500,6450,6430,0,0,0,0,0,0,0,190,1144,2,0,0,0,0,0,0,0,0,0,3,
100660,085144,1525909905.3701577,6550,6560,6590,0,0,0,0,0,0,0,1682,253,744,0,0,0,0,0,0,0,6500,6450,6430,0,0,0,0,0,0,0,190,1144,2,0,0,0,0,0,0,0,0,0,3,
100660,085146,1525909907.5619683,6550,6560,6590,0,0,0,0,0,0,0,1682,253,744,0,0,0,0,0,0,0,6500,6450,6430,0,0,0,0,0,0,0,200,1144,2,0,0,0,0,0,0,0,0,0,3,
100660,085149,1525909910.3003643,6550,6560,6590,0,0,0,0,0,0,0,1582,253,744,0,0,0,0,0,0,0,6500,6450,6430,0,0,0,0,0,0,0,200,1144,2,0,0,0,0,0,0,0,0,0,3,
100660,085152,1525909913.408945,6550,6560,6590,0,0,0,0,0,0,0,1572,253,744,0,0,0,0,0,0,0,6500,6450,6430,0,0,0,0,0,0,0,200,1144,2,0,0,0,0,0,0,0,0,0,3,
100660,085152,1525909913.999021,6550,6560,6590,0,0,0,0,0,0,0,1572,253,744,0,0,0,0,0,0,0,6500,6450,6430,0,0,0,0,0,0,0,200,1144,2,0,0,0,0,0,0,0,0,0,3,
100660,085153,1525909914.9127395,6560,6590,6600,0,0,0,0,0,0,0,253,744,1142,0,0,0,0,0,0,0,6550,6500,6450,0,0,0,0,0,0,0,528,200,1144,0,0,0,0,0,0,0,0,0,3,
100660,085200,1525909922.0912805,6560,6590,6600,0,0,0,0,0,0,0,253,744,1142,0,0,0,0,0,0,0,6550,6500,6450,0,0,0,0,0,0,0,328,200,1144,0,0,0,0,0,0,0,0,0,3,
100660,085203,1525909924.608053,6560,6590,6600,0,0,0,0,0,0,0,253,744,1142,0,0,0,0,0,0,0,6550,6500,6450,0,0,0,0,0,0,0,476,200,1144,0,0,0,0,0,0,0,0,0,3,
100660,085204,1525909925.7415414,6560,6590,6600,0,0,0,0,0,0,0,253,744,1142,0,0,0,0,0,0,0,6550,6500,6450,0,0,0,0,0,0,0,476,200,1144,0,0,0,0,0,0,0,0,0,3,
100660,085205,1525909926.4447742,6560,6590,6600,0,0,0,0,0,0,0,253,744,1142,0,0,0,0,0,0,0,6550,6500,6450,0,0,0,0,0,0,0,476,200,1144,0,0,0,0,0,0,0,0,0,3,
100660,085206,1525909927.308223,6560,6590,6600,0,0,0,0,0,0,0,253,744,1142,0,0,0,0,0,0,0,6550,6500,6450,0,0,0,0,0,0,0,476,200,1144,0,0,0,0,0,0,0,0,0,3,
100660,085206,1525909927.5167046,6560,6590,6600,0,0,0,0,0,0,0,283,744,1142,0,0,0,0,0,0,0,6550,6500,6450,0,0,0,0,0,0,0,476,200,1144,0,0,0,0,0,0,0,0,0,3,
100660,085206,1525909927.8416903,6560,6590,6600,0,0,0,0,0,0,0,283,744,1142,0,0,0,0,0,0,0,6550,6500,6450,0,0,0,0,0,0,0,476,200,1164,0,0,0,0,0,0,0,0,0,3,
100660,085208,1525909929.6683583,6560,6590,6600,0,0,0,0,0,0,0,283,744,1142,0,0,0,0,0,0,0,6550,6500,6450,0,0,0,0,0,0,0,476,200,1164,0,0,0,0,0,0,0,0,0,3,
100660,085209,1525909931.0576816,6560,6590,6600,0,0,0,0,0,0,0,283,744,1142,0,0,0,0,0,0,0,6550,6500,6450,0,0,0,0,0,0,0,476,200,1164,0,0,0,0,0,0,0,0,0,3,
100660,085210,1525909931.2725484,6560,6590,6600,0,0,0,0,0,0,0,283,744,1142,0,0,0,0,0,0,0,6550,6500,6450,0,0,0,0,0,0,0,536,200,1164,0,0,0,0,0,0,0,0,0,3,
100660,085211,1525909932.5080178,6530,6550,6560,0,0,0,0,0,0,0,4,400,283,0,0,0,0,0,0,0,6500,6450,6430,0,0,0,0,0,0,0,200,1164,2,0,0,0,0,0,0,0,0,0,3,
100660,085211,1525909932.6122923,6520,6530,6550,0,0,0,0,0,0,0,419,50,400,0,0,0,0,0,0,0,6500,6450,6430,0,0,0,0,0,0,0,200,1164,2,0,0,0,0,0,0,0,0,0,3,
