197210,083022,1525908623.4279869,2900,2905,2910,0,0,0,0,0,0,0,5,5,5,0,0,0,0,0,0,0,2855,2840,2835,0,0,0,0,0,0,0,5402,100,500,0,0,0,0,0,0,0,0,0,3,
197210,083042,1525908643.5534728,2900,2905,2910,0,0,0,0,0,0,0,5,5,5,0,0,0,0,0,0,0,2855,2840,2835,0,0,0,0,0,0,0,5402,100,500,0,0,0,0,0,0,0,0,0,3,
197210,083121,1525908682.4820645,2900,2905,2910,0,0,0,0,0,0,0,5,5,5,0,0,0,0,0,0,0,2855,2840,2835,0,0,0,0,0,0,0,5402,100,500,0,0,0,0,0,0,0,0,0,3,
197210,083154,1525908715.239697,2900,2905,2910,0,0,0,0,0,0,0,5,5,5,0,0,0,0,0,0,0,2855,2840,2835,0,0,0,0,0,0,0,5402,100,500,0,0,0,0,0,0,0,0,0,3,
197210,083210,1525908731.4866548,2900,2905,2910,0,0,0,0,0,0,0,5,5,5,0,0,0,0,0,0,0,2855,2840,2835,0,0,0,0,0,0,0,5402,100,500,0,0,0,0,0,0,0,0,0,3,
197210,083222,1525908743.7947423,2900,2905,2910,0,0,0,0,0,0,0,5,5,5,0,0,0,0,0,0,0,2855,2840,2835,0,0,0,0,0,0,0,5402,100,500,0,0,0,0,0,0,0,0,0,3,
197210,083233,1525908754.662887,2900,2905,2910,0,0,0,0,0,0,0,5,5,5,0,0,0,0,0,0,0,2855,2840,2835,0,0,0,0,0,0,0,5689,100,500,0,0,0,0,0,0,0,0,0,3,
197210,083242,1525908763.238126,2900,2905,2910,0,0,0,0,0,0,0,5,5,5,0,0,0,0,0,0,0,2855,2840,2835,0,0,0,0,0,0,0,5689,100,500,0,0,0,0,0,0,0,0,0,3,
197210,083246,1525908767.3878727,2900,2905,2910,0,0,0,0,0,0,0,5,5,5,0,0,0,0,0,0,0,2855,2840,2835,0,0,0,0,0,0,0,5689,100,500,0,0,0,0,0,0,0,0,0,3,
197210,083252,1525908773.905961,2900,2905,2910,0,0,0,0,0,0,0,5,5,5,0,0,0,0,0,0,0,2855,2840,2835,0,0,0,0,0,0,0,5689,100,500,0,0,0,0,0,0,0,0,0,3,
197210,083300,1525908781.7872894,2900,2905,2910,0,0,0,0,0,0,0,5,5,5,0,0,0,0,0,0,0,2855,2840,2835,0,0,0,0,0,0,0,6189,100,500,0,0,0,0,0,0,0,0,0,3,
197210,083350,1525908832.0616903,2900,2905,2910,0,0,0,0,0,0,0,5,5,5,0,0,0,0,0,0,0,2855,2840,2835,0,0,0,0,0,0,0,6189,100,500,0,0,0,0,0,0,0,0,0,3,
197210,083355,1525908836.3292196,2900,2905,2910,0,0,0,0,0,0,0,5,5,5,0,0,0,0,0,0,0,2855,2840,2835,0,0,0,0,0,0,0,6189,100,500,0,0,0,0,0,0,0,0,0,3,
197210,083445,1525908887.0187438,2900,2905,2910,0,0,0,0,0,0,0,5,5,5,0,0,0,0,0,0,0,2855,2840,2835,0,0,0,0,0,0,0,6189,100,500,0,0,0,0,0,0,0,0,0,3,
197210,083524,1525908925.2232072,2900,2905,2910,0,0,0,0,0,0,0,5,5,5,0,0,0,0,0,0,0,2855,2840,2835,0,0,0,0,0,0,0,6189,100,500,0,0,0,0,0,0,0,0,0,3,
197210,083531,1525908932.564581,2900,2905,2910,0,0,0,0,0,0,0,5,5,5,0,0,0,0,0,0,0,2855,2840,2835,0,0,0,0,0,0,0,6189,100,500,0,0,0,0,0,0,0,0,0,3,
197210,083534,1525908935.9811375,2900,2905,2910,0,0,0,0,0,0,0,5,5,5,0,0,0,0,0,0,0,2855,2840,2835,0,0,0,0,0,0,0,6189,100,500,0,0,0,0,0,0,0,0,0,3,
197210,083542,1525908943.2854278,2900,2905,2910,0,0,0,0,0,0,0,5,5,5,0,0,0,0,0,0,0,2855,2840,2835,0,0,0,0,0,0,0,6189,100,500,0,0,0,0,0,0,0,0,0,3,
197210,083551,1525908952.1463063,2900,2905,2910,0,0,0,0,0,0,0,5,5,5,0,0,0,0,0,0,0,2855,2840,2835,0,0,0,0,0,0,0,6179,100,500,0,0,0,0,0,0,0,0,0,3,
197210,083553,1525908954.9747648,2900,2905,2910,0,0,0,0,0,0,0,5,5,5,0,0,0,0,0,0,0,2855,2840,2835,0,0,0,0,0,0,0,6180,100,500,0,0,0,0,0,0,0,0,0,3,
197210,083556,1525908957.211828,2900,2905,2910,0,0,0,0,0,0,0,5,5,5,0,0,0,0,0,0,0,2855,2840,2835,0,0,0,0,0,0,0,6180,100,500,0,0,0,0,0,0,0,0,0,3,
197210,083602,1525908963.2886028,2900,2905,2910,0,0,0,0,0,0,0,5,5,5,0,0,0,0,0,0,0,2855,2840,2835,0,0,0,0,0,0,0,6180,100,500,0,0,0,0,0,0,0,0,0,3,
197210,083611,1525908972.829226,2900,2905,2910,0,0,0,0,0,0,0,5,5,5,0,0,0,0,0,0,0,2855,2840,2835,0,0,0,0,0,0,0,6180,100,500,0,0,0,0,0,0,0,0,0,3,
197210,083625,1525908986.2629297,2900,2905,2910,0,0,0,0,0,0,0,5,5,5,0,0,0,0,0,0,0,2855,2840,2835,0,0,0,0,0,0,0,6180,100,500,0,0,0,0,0,0,0,0,0,3,
197210,083625,1525908986.5825257,2900,2905,2910,0,0,0,0,0,0,0,5,5,5,0,0,0,0,0,0,0,2855,2840,2835,0,0,0,0,0,0,0,6180,100,500,0,0,0,0,0,0,0,0,0,3,
197210,083625,1525908986.952261,2900,2905,2910,0,0,0,0,0,0,0,5,5,5,0,0,0,0,0,0,0,2855,2840,2835,0,0,0,0,0,0,0,6180,100,500,0,0,0,0,0,0,0,0,0,3,
197210,083626,1525908987.3260548,2900,2905,2910,0,0,0,0,0,0,0,5,5,5,0,0,0,0,0,0,0,2855,2840,2835,0,0,0,0,0,0,0,6180,100,500,0,0,0,0,0,0,0,0,0,3,
197210,083658,1525909020.061423,2900,2905,2910,0,0,0,0,0,0,0,5,5,5,0,0,0,0,0,0,0,2855,2840,2835,0,0,0,0,0,0,0,6180,100,500,0,0,0,0,0,0,0,0,0,3,
197210,083721,1525909042.4604557,2900,2905,2910,0,0,0,0,0,0,0,5,5,5,0,0,0,0,0,0,0,2855,2840,2835,0,0,0,0,0,0,0,6180,100,500,0,0,0,0,0,0,0,0,0,3,
197210,083736,1525909057.7597857,2900,2905,2910,0,0,0,0,0,0,0,5,5,5,0,0,0,0,0,0,0,2855,2840,2835,0,0,0,0,0,0,0,6180,100,500,0,0,0,0,0,0,0,0,0,3,
197210,083816,1525909097.8632538,2900,2905,2910,0,0,0,0,0,0,0,5,5,5,0,0,0,0,0,0,0,2855,2840,2835,0,0,0,0,0,0,0,6230,100,500,0,0,0,0,0,0,0,0,0,3,
197210,083832,1525909113.4882314,2900,2905,2910,0,0,0,0,0,0,0,5,5,5,0,0,0,0,0,0,0,2855,2840,2835,0,0,0,0,0,0,0,6230,100,500,0,0,0,0,0,0,0,0,0,3,
197210,083902,1525909143.1724122,2900,2905,2910,0,0,0,0,0,0,0,5,5,5,0,0,0,0,0,0,0,2855,2840,2835,0,0,0,0,0,0,0,6230,100,500,0,0,0,0,0,0,0,0,0,3,
197210,083910,1525909151.222548,2900,2905,2910,0,0,0,0,0,0,0,5,5,5,0,0,0,0,0,0,0,2855,2840,2835,0,0,0,0,0,0,0,6230,100,500,0,0,0,0,0,0,0,0,0,3,
197210,083921,1525909162.8384237,2900,2905,2910,0,0,0,0,0,0,0,5,5,5,0,0,0,0,0,0,0,2855,2840,2835,0,0,0,0,0,0,0,6230,380,500,0,0,0,0,0,0,0,0,0,3,
197210,083935,1525909176.161397,2900,2905,2910,0,0,0,0,0,0,0,5,5,5,0,0,0,0,0,0,0,2855,2840,2835,0,0,0,0,0,0,0,6230,380,500,0,0,0,0,0,0,0,0,0,3,
197210,084019,1525909220.5409577,2900,2905,2910,0,0,0,0,0,0,0,5,5,5,0,0,0,0,0,0,0,2855,2840,2835,0,0,0,0,0,0,0,6230,380,500,0,0,0,0,0,0,0,0,0,3,
197210,084024,1525909225.5127826,2900,2905,2910,0,0,0,0,0,0,0,5,5,5,0,0,0,0,0,0,0,2855,2840,2835,0,0,0,0,0,0,0,6230,380,500,0,0,0,0,0,0,0,0,0,3,
197210,084027,1525909228.5035284,2900,2905,2910,0,0,0,0,0,0,0,5,5,5,0,0,0,0,0,0,0,2855,2840,2835,0,0,0,0,0,0,0,6230,380,500,0,0,0,0,0,0,0,0,0,3,
197210,084059,1525909260.7933362,2900,2905,2910,0,0,0,0,0,0,0,5,5,5,0,0,0,0,0,0,0,2855,2840,2835,0,0,0,0,0,0,0,6230,380,500,0,0,0,0,0,0,0,0,0,3,
197210,084158,1525909319.8002193,2900,2905,2910,0,0,0,0,0,0,0,5,5,5,0,0,0,0,0,0,0,2855,2840,2835,0,0,0,0,0,0,0,6230,380,500,0,0,0,0,0,0,0,0,0,3,
197210,084210,1525909331.4874835,2900,2905,2910,0,0,0,0,0,0,0,5,5,5,0,0,0,0,0,0,0,2855,2840,2835,0,0,0,0,0,0,0,6230,380,500,0,0,0,0,0,0,0,0,0,3,
197210,084230,1525909352.0013876,2900,2905,2910,0,0,0,0,0,0,0,5,5,5,0,0,0,0,0,0,0,2855,2840,2835,0,0,0,0,0,0,0,6230,380,500,0,0,0,0,0,0,0,0,0,3,
197210,084240,1525909361.9143214,2900,2905,2910,0,0,0,0,0,0,0,5,5,5,0,0,0,0,0,0,0,2855,2840,2835,0,0,0,0,0,0,0,6230,380,500,0,0,0,0,0,0,0,0,0,3,
197210,084244,1525909365.4516199,2900,2905,2910,0,0,0,0,0,0,0,5,5,5,0,0,0,0,0,0,0,2855,2840,2835,0,0,0,0,0,0,0,6230,380,500,0,0,0,0,0,0,0,0,0,3,
197210,084338,1525909420.0619087,2900,2905,2910,0,0,0,0,0,0,0,5,5,5,0,0,0,0,0,0,0,2855,2840,2835,0,0,0,0,0,0,0,6230,380,500,0,0,0,0,0,0,0,0,0,3,
197210,084343,1525909424.3972416,2900,2905,2910,0,0,0,0,0,0,0,5,5,5,0,0,0,0,0,0,0,2855,2840,2835,0,0,0,0,0,0,0,6230,6623,500,0,0,0,0,0,0,0,0,0,3,
197210,084358,1525909439.9024358,2900,2905,2910,0,0,0,0,0,0,0,5,5,5,0,0,0,0,0,0,0,2855,2840,2835,0,0,0,0,0,0,0,6231,6623,500,0,0,0,0,0,0,0,0,0,3,
197210,084411,1525909452.4788306,2900,2905,2910,0,0,0,0,0,0,0,5,5,5,0,0,0,0,0,0,0,2855,2840,2835,0,0,0,0,0,0,0,6231,6623,500,0,0,0,0,0,0,0,0,0,3,
197210,084418,1525909459.4098158,2900,2905,2910,0,0,0,0,0,0,0,5,5,5,0,0,0,0,0,0,0,2855,2840,2835,0,0,0,0,0,0,0,6231,380,500,0,0,0,0,0,0,0,0,0,3,
197210,084427,1525909468.8362222,2900,2905,2910,0,0,0,0,0,0,0,5,5,5,0,0,0,0,0,0,0,2855,2840,2835,0,0,0,0,0,0,0,6231,380,500,0,0,0,0,0,0,0,0,0,3,
197210,084455,1525909496.1729429,2900,2905,2910,0,0,0,0,0,0,0,5,5,5,0,0,0,0,0,0,0,2855,2840,2835,0,0,0,0,0,0,0,6231,380,500,0,0,0,0,0,0,0,0,0,3,
197210,084617,1525909579.028737,2900,2905,2910,0,0,0,0,0,0,0,5,5,5,0,0,0,0,0,0,0,2855,2840,2835,0,0,0,0,0,0,0,6231,380,500,0,0,0,0,0,0,0,0,0,3,
197210,084619,1525909580.1390011,2900,2905,2910,0,0,0,0,0,0,0,5,5,5,0,0,0,0,0,0,0,2855,2850,2840,0,0,0,0,0,0,0,6231,80,380,0,0,0,0,0,0,0,0,0,3,
197210,084620,1525909581.4284928,2900,2905,2910,0,0,0,0,0,0,0,5,5,5,0,0,0,0,0,0,0,2855,2850,2840,0,0,0,0,0,0,0,6231,80,380,0,0,0,0,0,0,0,0,0,3,
197210,084642,1525909603.5529542,2900,2905,2910,0,0,0,0,0,0,0,5,5,5,0,0,0,0,0,0,0,2855,2850,2840,0,0,0,0,0,0,0,6221,80,380,0,0,0,0,0,0,0,0,0,3,
197210,084651,1525909613.1114972,2900,2905,2910,0,0,0,0,0,0,0,5,5,5,0,0,0,0,0,0,0,2855,2850,2840,0,0,0,0,0,0,0,6221,80,380,0,0,0,0,0,0,0,0,0,3,
197210,084656,1525909617.6453705,2900,2905,2910,0,0,0,0,0,0,0,5,5,5,0,0,0,0,0,0,0,2855,2850,2840,0,0,0,0,0,0,0,5721,80,380,0,0,0,0,0,0,0,0,0,3,
197210,084657,1525909618.8838718,2900,2905,2910,0,0,0,0,0,0,0,5,5,5,0,0,0,0,0,0,0,2855,2850,2840,0,0,0,0,0,0,0,5821,80,380,0,0,0,0,0,0,0,0,0,3,
197210,084708,1525909629.8254924,2900,2905,2910,0,0,0,0,0,0,0,5,5,5,0,0,0,0,0,0,0,2855,2850,2840,0,0,0,0,0,0,0,5771,80,380,0,0,0,0,0,0,0,0,0,3,
197210,084730,1525909651.240131,2900,2905,2910,0,0,0,0,0,0,0,5,5,5,0,0,0,0,0,0,0,2855,2850,2840,0,0,0,0,0,0,0,5771,80,380,0,0,0,0,0,0,0,0,0,3,
197210,084740,1525909662.0292537,2900,2905,2910,0,0,0,0,0,0,0,5,5,5,0,0,0,0,0,0,0,2855,2850,2840,0,0,0,0,0,0,0,5771,80,380,0,0,0,0,0,0,0,0,0,3,
197210,084745,1525909666.8924913,2900,2905,2910,0,0,0,0,0,0,0,5,5,5,0,0,0,0,0,0,0,2855,2850,2840,0,0,0,0,0,0,0,5771,80,380,0,0,0,0,0,0,0,0,0,3,
197210,084752,1525909673.833695,2900,2905,2910,0,0,0,0,0,0,0,5,5,5,0,0,0,0,0,0,0,2855,2850,2840,0,0,0,0,0,0,0,5771,80,380,0,0,0,0,0,0,0,0,0,3,
197210,084755,1525909676.2910554,2900,2905,2910,0,0,0,0,0,0,0,5,5,5,0,0,0,0,0,0,0,2855,2850,2840,0,0,0,0,0,0,0,5771,90,380,0,0,0,0,0,0,0,0,0,3,
197210,084820,1525909701.357283,2900,2905,2910,0,0,0,0,0,0,0,5,5,5,0,0,0,0,0,0,0,2855,2850,2840,0,0,0,0,0,0,0,5771,90,380,0,0,0,0,0,0,0,0,0,3,
197210,084822,1525909703.5481436,2900,2905,2910,0,0,0,0,0,0,0,5,5,5,0,0,0,0,0,0,0,2855,2850,2840,0,0,0,0,0,0,0,6242,90,380,0,0,0,0,0,0,0,0,0,3,
197210,084839,1525909720.216536,2900,2905,2910,0,0,0,0,0,0,0,5,5,5,0,0,0,0,0,0,0,2855,2850,2840,0,0,0,0,0,0,0,6742,90,380,0,0,0,0,0,0,0,0,0,3,
197210,084848,1525909729.4047704,2900,2905,2910,0,0,0,0,0,0,0,5,5,5,0,0,0,0,0,0,0,2855,2850,2840,0,0,0,0,0,0,0,6743,90,380,0,0,0,0,0,0,0,0,0,3,
197210,084858,1525909739.5564654,2900,2905,2910,0,0,0,0,0,0,0,5,5,5,0,0,0,0,0,0,0,2855,2850,2840,0,0,0,0,0,0,0,6743,90,380,0,0,0,0,0,0,0,0,0,3,
197210,084903,1525909745.0135658,2900,2905,2910,0,0,0,0,0,0,0,5,5,5,0,0,0,0,0,0,0,2855,2850,2840,0,0,0,0,0,0,0,6733,90,380,0,0,0,0,0,0,0,0,0,3,
197210,084913,1525909754.376468,2900,2905,2910,0,0,0,0,0,0,0,5,5,5,0,0,0,0,0,0,0,2855,2850,2840,0,0,0,0,0,0,0,6833,90,380,0,0,0,0,0,0,0,0,0,3,
197210,084920,1525909761.2561436,2900,2905,2910,0,0,0,0,0,0,0,5,5,5,0,0,0,0,0,0,0,2855,2850,2840,0,0,0,0,0,0,0,6362,90,380,0,0,0,0,0,0,0,0,0,3,
197210,084940,1525909782.022397,2900,2905,2910,0,0,0,0,0,0,0,5,5,5,0,0,0,0,0,0,0,2855,2850,2840,0,0,0,0,0,0,0,6362,90,380,0,0,0,0,0,0,0,0,0,3,
197210,084953,1525909794.855463,2900,2905,2910,0,0,0,0,0,0,0,5,5,5,0,0,0,0,0,0,0,2855,2850,2840,0,0,0,0,0,0,0,6362,90,380,0,0,0,0,0,0,0,0,0,3,
197210,085003,1525909804.293495,2900,2905,2910,0,0,0,0,0,0,0,5,5,5,0,0,0,0,0,0,0,2855,2850,2840,0,0,0,0,0,0,0,6362,80,380,0,0,0,0,0,0,0,0,0,3,
197210,085003,1525909804.5089285,2900,2905,2910,0,0,0,0,0,0,0,5,5,5,0,0,0,0,0,0,0,2855,2850,2840,0,0,0,0,0,0,0,6362,80,380,0,0,0,0,0,0,0,0,0,3,
197210,085005,1525909806.930154,2900,2905,2910,0,0,0,0,0,0,0,5,5,5,0,0,0,0,0,0,0,2855,2850,2840,0,0,0,0,0,0,0,6362,80,380,0,0,0,0,0,0,0,0,0,3,
197210,085006,1525909807.302934,2900,2905,2910,0,0,0,0,0,0,0,5,5,5,0,0,0,0,0,0,0,2855,2850,2840,0,0,0,0,0,0,0,6367,80,380,0,0,0,0,0,0,0,0,0,3,
197210,085010,1525909812.0882566,2900,2905,2910,0,0,0,0,0,0,0,5,5,5,0,0,0,0,0,0,0,2855,2850,2840,0,0,0,0,0,0,0,7367,80,380,0,0,0,0,0,0,0,0,0,3,
197210,085024,1525909825.577304,2900,2905,2910,0,0,0,0,0,0,0,5,5,5,0,0,0,0,0,0,0,2855,2850,2840,0,0,0,0,0,0,0,7377,80,380,0,0,0,0,0,0,0,0,0,3,
197210,085049,1525909851.044615,2900,2905,2910,0,0,0,0,0,0,0,5,5,5,0,0,0,0,0,0,0,2855,2850,2840,0,0,0,0,0,0,0,7577,80,380,0,0,0,0,0,0,0,0,0,3,
197210,085113,1525909874.288844,2900,2905,2910,0,0,0,0,0,0,0,5,5,5,0,0,0,0,0,0,0,2855,2850,2840,0,0,0,0,0,0,0,7577,580,380,0,0,0,0,0,0,0,0,0,3,
197210,085115,1525909876.3760185,2900,2905,2910,0,0,0,0,0,0,0,5,5,5,0,0,0,0,0,0,0,2855,2850,2840,0,0,0,0,0,0,0,7577,580,680,0,0,0,0,0,0,0,0,0,3,
197210,085122,1525909883.5599284,2900,2905,2910,0,0,0,0,0,0,0,5,5,5,0,0,0,0,0,0,0,2855,2850,2840,0,0,0,0,0,0,0,7577,580,1180,0,0,0,0,0,0,0,0,0,3,
197210,085137,1525909898.4049115,2900,2905,2910,0,0,0,0,0,0,0,5,5,5,0,0,0,0,0,0,0,2855,2850,2840,0,0,0,0,0,0,0,7577,580,1180,0,0,0,0,0,0,0,0,0,3,
197210,085144,1525909905.6345665,2900,2905,2910,0,0,0,0,0,0,0,5,5,5,0,0,0,0,0,0,0,2855,2850,2840,0,0,0,0,0,0,0,7577,580,1180,0,0,0,0,0,0,0,0,0,3,
197210,085146,1525909907.6702228,2900,2905,2910,0,0,0,0,0,0,0,5,5,5,0,0,0,0,0,0,0,2855,2850,2840,0,0,0,0,0,0,0,7577,580,1180,0,0,0,0,0,0,0,0,0,3,
197210,085248,1525909969.6589456,2900,2905,2910,0,0,0,0,0,0,0,5,5,5,0,0,0,0,0,0,0,2855,2850,2840,0,0,0,0,0,0,0,7577,580,1180,0,0,0,0,0,0,0,0,0,3,
197210,085250,1525909971.7546966,2900,2905,2910,0,0,0,0,0,0,0,5,5,5,0,0,0,0,0,0,0,2855,2850,2845,0,0,0,0,0,0,0,7577,80,500,0,0,0,0,0,0,0,0,0,3,
197210,085303,1525909984.9442942,2900,2905,2910,0,0,0,0,0,0,0,5,5,5,0,0,0,0,0,0,0,2855,2850,2845,0,0,0,0,0,0,0,7577,80,500,0,0,0,0,0,0,0,0,0,3,
197210,085312,1525909993.3756752,2900,2905,2910,0,0,0,0,0,0,0,5,5,5,0,0,0,0,0,0,0,2855,2850,2845,0,0,0,0,0,0,0,7527,80,500,0,0,0,0,0,0,0,0,0,3,
197210,085319,1525910000.6185615,2900,2905,2910,0,0,0,0,0,0,0,5,5,5,0,0,0,0,0,0,0,2855,2850,2845,0,0,0,0,0,0,0,7527,80,500,0,0,0,0,0,0,0,0,0,3,
197210,085323,1525910004.9795723,2900,2905,2910,0,0,0,0,0,0,0,5,5,5,0,0,0,0,0,0,0,2855,2850,2845,0,0,0,0,0,0,0,7347,80,500,0,0,0,0,0,0,0,0,0,3,
197210,085326,1525910007.7267988,2900,2905,2910,0,0,0,0,0,0,0,5,5,5,0,0,0,0,0,0,0,2855,2850,2845,0,0,0,0,0,0,0,7347,80,500,0,0,0,0,0,0,0,0,0,3,
197210,085330,1525910011.222095,2900,2905,2910,0,0,0,0,0,0,0,5,5,5,0,0,0,0,0,0,0,2855,2850,2845,0,0,0,0,0,0,0,7347,80,500,0,0,0,0,0,0,0,0,0,3,
197210,085333,1525910014.6752756,2900,2905,2910,0,0,0,0,0,0,0,5,5,5,0,0,0,0,0,0,0,2855,2850,2845,0,0,0,0,0,0,0,7347,80,500,0,0,0,0,0,0,0,0,0,3,
197210,085339,1525910020.676028,2900,2905,2910,0,0,0,0,0,0,0,5,5,5,0,0,0,0,0,0,0,2855,2850,2845,0,0,0,0,0,0,0,7347,80,500,0,0,0,0,0,0,0,0,0,3,
197210,085346,1525910027.280987,2900,2905,2910,0,0,0,0,0,0,0,5,5,5,0,0,0,0,0,0,0,2855,2850,2845,0,0,0,0,0,0,0,7347,80,500,0,0,0,0,0,0,0,0,0,3,
197210,085352,1525910033.2320244,2900,2905,2910,0,0,0,0,0,0,0,5,5,5,0,0,0,0,0,0,0,2855,2850,2845,0,0,0,0,0,0,0,7347,80,500,0,0,0,0,0,0,0,0,0,3,
197210,085357,1525910038.3876212,2900,2905,2910,0,0,0,0,0,0,0,5,5,5,0,0,0,0,0,0,0,2855,2850,2845,0,0,0,0,0,0,0,7347,80,500,0,0,0,0,0,0,0,0,0,3,
197210,085358,1525910039.670122,2900,2905,2910,0,0,0,0,0,0,0,5,5,5,0,0,0,0,0,0,0,2855,2850,2845,0,0,0,0,0,0,0,7347,80,500,0,0,0,0,0,0,0,0,0,3,
197210,085404,1525910045.90363,2900,2905,2910,0,0,0,0,0,0,0,5,5,5,0,0,0,0,0,0,0,2855,2850,2845,0,0,0,0,0,0,0,7347,80,500,0,0,0,0,0,0,0,0,0,3,
197210,085411,1525910052.2343686,2900,2905,2910,0,0,0,0,0,0,0,5,5,5,0,0,0,0,0,0,0,2855,2850,2845,0,0,0,0,0,0,0,7347,80,500,0,0,0,0,0,0,0,0,0,3,
197210,085417,1525910058.2573602,2900,2905,2910,0,0,0,0,0,0,0,5,5,5,0,0,0,0,0,0,0,2855,2850,2845,0,0,0,0,0,0,0,7347,80,500,0,0,0,0,0,0,0,0,0,3,
197210,085417,1525910059.002918,2900,2905,2910,0,0,0,0,0,0,0,5,5,5,0,0,0,0,0,0,0,2855,2850,2845,0,0,0,0,0,0,0,7683,80,500,0,0,0,0,0,0,0,0,0,3,
197210,085422,1525910064.118758,2900,2905,2910,0,0,0,0,0,0,0,5,5,5,0,0,0,0,0,0,0,2855,2850,2845,0,0,0,0,0,0,0,7863,80,500,0,0,0,0,0,0,0,0,0,3,
197210,085423,1525910064.7009845,2900,2905,2910,0,0,0,0,0,0,0,5,5,5,0,0,0,0,0,0,0,2855,2850,2845,0,0,0,0,0,0,0,7863,80,500,0,0,0,0,0,0,0,0,0,3,
197210,085430,1525910072.0467973,2900,2905,2910,0,0,0,0,0,0,0,5,5,5,0,0,0,0,0,0,0,2855,2850,2845,0,0,0,0,0,0,0,7863,80,500,0,0,0,0,0,0,0,0,0,3,
197210,085431,1525910072.2681258,2900,2905,2910,0,0,0,0,0,0,0,5,5,5,0,0,0,0,0,0,0,2855,2850,2845,0,0,0,0,0,0,0,7863,80,500,0,0,0,0,0,0,0,0,0,3,
197210,085431,1525910072.7471006,2900,2905,2910,0,0,0,0,0,0,0,5,5,5,0,0,0,0,0,0,0,2855,2850,2845,0,0,0,0,0,0,0,7863,80,500,0,0,0,0,0,0,0,0,0,3,
197210,085436,1525910078.0241725,2900,2905,2910,0,0,0,0,0,0,0,5,5,5,0,0,0,0,0,0,0,2855,2850,2845,0,0,0,0,0,0,0,7863,80,500,0,0,0,0,0,0,0,0,0,3,
197210,085437,1525910078.8402615,2900,2905,2910,0,0,0,0,0,0,0,5,5,5,0,0,0,0,0,0,0,2855,2850,2845,0,0,0,0,0,0,0,7863,80,500,0,0,0,0,0,0,0,0,0,3,
197210,085443,1525910084.5490317,2900,2905,2910,0,0,0,0,0,0,0,5,5,5,0,0,0,0,0,0,0,2855,2850,2845,0,0,0,0,0,0,0,7863,80,500,0,0,0,0,0,0,0,0,0,3,
197210,085446,1525910087.829666,2900,2905,2910,0,0,0,0,0,0,0,5,5,5,0,0,0,0,0,0,0,2855,2850,2845,0,0,0,0,0,0,0,7863,80,500,0,0,0,0,0,0,0,0,0,3,
197210,085449,1525910090.7870164,2900,2905,2910,0,0,0,0,0,0,0,5,5,5,0,0,0,0,0,0,0,2855,2850,2845,0,0,0,0,0,0,0,7863,80,500,0,0,0,0,0,0,0,0,0,3,
197210,085455,1525910096.5513902,2900,2905,2910,0,0,0,0,0,0,0,5,5,5,0,0,0,0,0,0,0,2855,2850,2845,0,0,0,0,0,0,0,7863,80,500,0,0,0,0,0,0,0,0,0,3,
197210,085501,1525910103.087808,2900,2905,2910,0,0,0,0,0,0,0,5,5,5,0,0,0,0,0,0,0,2855,2850,2845,0,0,0,0,0,0,0,7863,80,500,0,0,0,0,0,0,0,0,0,3,
197210,085508,1525910109.9195123,2900,2905,2910,0,0,0,0,0,0,0,5,5,5,0,0,0,0,0,0,0,2855,2850,2845,0,0,0,0,0,0,0,7863,80,500,0,0,0,0,0,0,0,0,0,3,
197210,085515,1525910116.692382,2900,2905,2910,0,0,0,0,0,0,0,5,5,5,0,0,0,0,0,0,0,2855,2850,2845,0,0,0,0,0,0,0,7863,80,500,0,0,0,0,0,0,0,0,0,3,
197210,085522,1525910123.1413627,2900,2905,2910,0,0,0,0,0,0,0,5,5,5,0,0,0,0,0,0,0,2855,2850,2845,0,0,0,0,0,0,0,7863,80,500,0,0,0,0,0,0,0,0,0,3,
197210,085550,1525910151.802527,2900,2905,2910,0,0,0,0,0,0,0,5,5,5,0,0,0,0,0,0,0,2855,2850,2845,0,0,0,0,0,0,0,7863,80,500,0,0,0,0,0,0,0,0,0,3,
197210,085552,1525910153.6252656,2900,2905,2910,0,0,0,0,0,0,0,5,5,5,0,0,0,0,0,0,0,2855,2850,2845,0,0,0,0,0,0,0,7863,80,500,0,0,0,0,0,0,0,0,0,3,
197210,085559,1525910160.5587168,2900,2905,2910,0,0,0,0,0,0,0,5,5,5,0,0,0,0,0,0,0,2855,2850,2845,0,0,0,0,0,0,0,7863,80,500,0,0,0,0,0,0,0,0,0,3,
197210,085609,1525910171.105645,2900,2905,2910,0,0,0,0,0,0,0,5,5,5,0,0,0,0,0,0,0,2855,2850,2845,0,0,0,0,0,0,0,7863,80,500,0,0,0,0,0,0,0,0,0,3,
197210,085613,1525910174.334486,2900,2905,2910,0,0,0,0,0,0,0,5,5,5,0,0,0,0,0,0,0,2855,2850,2845,0,0,0,0,0,0,0,7863,80,500,0,0,0,0,0,0,0,0,0,3,
197210,085615,1525910177.0820785,2900,2905,2910,0,0,0,0,0,0,0,5,5,5,0,0,0,0,0,0,0,2855,2850,2845,0,0,0,0,0,0,0,8048,80,500,0,0,0,0,0,0,0,0,0,3,
197210,085625,1525910186.3520977,2900,2905,2910,0,0,0,0,0,0,0,5,5,5,0,0,0,0,0,0,0,2855,2850,2845,0,0,0,0,0,0,0,8048,80,500,0,0,0,0,0,0,0,0,0,3,
197210,085625,1525910186.8303266,2980,2985,2990,0,0,0,0,0,0,0,190,10,10,0,0,0,0,0,0,0,2900,2890,2885,0,0,0,0,0,0,0,11,185,380,0,0,0,0,0,0,0,0,0,3,
197210,085628,1525910190.0482652,2980,2985,2990,0,0,0,0,0,0,0,190,10,10,0,0,0,0,0,0,0,2900,2890,2885,0,0,0,0,0,0,0,11,185,380,0,0,0,0,0,0,0,0,0,3,
197210,085641,1525910202.463436,2900,2905,2910,0,0,0,0,0,0,0,5,5,5,0,0,0,0,0,0,0,2855,2850,2845,0,0,0,0,0,0,0,8048,80,500,0,0,0,0,0,0,0,0,0,3,
197210,085641,1525910202.6824234,2900,2905,2910,0,0,0,0,0,0,0,5,5,5,0,0,0,0,0,0,0,2855,2850,2845,0,0,0,0,0,0,0,8048,80,500,0,0,0,0,0,0,0,0,0,3,
197210,085644,1525910205.3826993,2900,2905,2910,0,0,0,0,0,0,0,5,5,5,0,0,0,0,0,0,0,2855,2850,2845,0,0,0,0,0,0,0,8048,80,500,0,0,0,0,0,0,0,0,0,3,
197210,085646,1525910207.2189133,2900,2905,2910,0,0,0,0,0,0,0,5,5,5,0,0,0,0,0,0,0,2855,2850,2845,0,0,0,0,0,0,0,8048,80,500,0,0,0,0,0,0,0,0,0,3,
197210,085648,1525910209.5947404,2900,2905,2910,0,0,0,0,0,0,0,5,5,5,0,0,0,0,0,0,0,2855,2850,2845,0,0,0,0,0,0,0,8048,80,500,0,0,0,0,0,0,0,0,0,3,
197210,085707,1525910229.1079512,2900,2905,2910,0,0,0,0,0,0,0,5,5,5,0,0,0,0,0,0,0,2855,2850,2845,0,0,0,0,0,0,0,8948,80,500,0,0,0,0,0,0,0,0,0,3,
197210,085721,1525910242.9310014,2900,2905,2910,0,0,0,0,0,0,0,5,5,5,0,0,0,0,0,0,0,2855,2850,2845,0,0,0,0,0,0,0,8948,780,500,0,0,0,0,0,0,0,0,0,3,
197210,085721,1525910243.0795624,2900,2905,2910,0,0,0,0,0,0,0,5,5,5,0,0,0,0,0,0,0,2855,2850,2845,0,0,0,0,0,0,0,8948,780,500,0,0,0,0,0,0,0,0,0,3,
197210,085754,1525910275.6182313,2900,2905,2910,0,0,0,0,0,0,0,5,5,5,0,0,0,0,0,0,0,2890,2885,2860,0,0,0,0,0,0,0,504,380,901,0,0,0,0,0,0,0,0,0,3,
197210,085806,1525910287.9438813,2900,2905,2910,0,0,0,0,0,0,0,5,5,5,0,0,0,0,0,0,0,2890,2885,2860,0,0,0,0,0,0,0,504,380,901,0,0,0,0,0,0,0,0,0,3,
197210,085807,1525910288.37284,2900,2905,2910,0,0,0,0,0,0,0,5,5,5,0,0,0,0,0,0,0,2890,2885,2860,0,0,0,0,0,0,0,504,380,901,0,0,0,0,0,0,0,0,0,3,
197210,085809,1525910290.382901,2900,2905,2910,0,0,0,0,0,0,0,5,5,5,0,0,0,0,0,0,0,2890,2885,2860,0,0,0,0,0,0,0,504,380,901,0,0,0,0,0,0,0,0,0,3,
197210,085826,1525910307.972833,2900,2905,2910,0,0,0,0,0,0,0,5,5,5,0,0,0,0,0,0,0,2890,2885,2860,0,0,0,0,0,0,0,504,380,901,0,0,0,0,0,0,0,0,0,3,
197210,085832,1525910313.3425078,2900,2905,2910,0,0,0,0,0,0,0,5,5,5,0,0,0,0,0,0,0,2890,2885,2860,0,0,0,0,0,0,0,504,380,901,0,0,0,0,0,0,0,0,0,3,
197210,085833,1525910314.5381172,2900,2905,2910,0,0,0,0,0,0,0,5,5,5,0,0,0,0,0,0,0,2890,2885,2860,0,0,0,0,0,0,0,504,380,1138,0,0,0,0,0,0,0,0,0,3,
197210,085834,1525910315.194518,2900,2905,2910,0,0,0,0,0,0,0,5,5,5,0,0,0,0,0,0,0,2890,2885,2860,0,0,0,0,0,0,0,504,380,1138,0,0,0,0,0,0,0,0,0,3,
197210,085836,1525910317.125805,2900,2905,2910,0,0,0,0,0,0,0,5,5,5,0,0,0,0,0,0,0,2890,2885,2860,0,0,0,0,0,0,0,504,380,1138,0,0,0,0,0,0,0,0,0,3,
197210,085838,1525910319.574081,2900,2905,2910,0,0,0,0,0,0,0,5,5,5,0,0,0,0,0,0,0,2890,2885,2860,0,0,0,0,0,0,0,504,380,1138,0,0,0,0,0,0,0,0,0,3,
197210,085846,1525910327.7766385,2900,2905,2910,0,0,0,0,0,0,0,5,5,5,0,0,0,0,0,0,0,2890,2885,2860,0,0,0,0,0,0,0,504,380,1138,0,0,0,0,0,0,0,0,0,3,
197210,085847,1525910328.6018515,2900,2905,2910,0,0,0,0,0,0,0,5,5,5,0,0,0,0,0,0,0,2890,2885,2860,0,0,0,0,0,0,0,504,380,1138,0,0,0,0,0,0,0,0,0,3,
197210,085850,1525910332.0705292,2900,2905,2910,0,0,0,0,0,0,0,5,5,5,0,0,0,0,0,0,0,2890,2885,2860,0,0,0,0,0,0,0,504,380,1138,0,0,0,0,0,0,0,0,0,3,
197210,085852,1525910333.378642,2900,2905,2910,0,0,0,0,0,0,0,5,5,5,0,0,0,0,0,0,0,2890,2885,2860,0,0,0,0,0,0,0,504,380,1138,0,0,0,0,0,0,0,0,0,3,
197210,085856,1525910337.2248366,2900,2905,2910,0,0,0,0,0,0,0,5,5,5,0,0,0,0,0,0,0,2890,2885,2860,0,0,0,0,0,0,0,504,380,1138,0,0,0,0,0,0,0,0,0,3,
197210,085856,1525910338.0685008,2900,2905,2910,0,0,0,0,0,0,0,5,5,5,0,0,0,0,0,0,0,2890,2885,2860,0,0,0,0,0,0,0,504,380,1138,0,0,0,0,0,0,0,0,0,3,
197210,085859,1525910340.3888657,2900,2905,2910,0,0,0,0,0,0,0,5,5,5,0,0,0,0,0,0,0,2890,2885,2860,0,0,0,0,0,0,0,504,380,1138,0,0,0,0,0,0,0,0,0,3,
197210,085903,1525910344.5979223,2900,2905,2910,0,0,0,0,0,0,0,5,5,5,0,0,0,0,0,0,0,2890,2885,2860,0,0,0,0,0,0,0,504,380,1138,0,0,0,0,0,0,0,0,0,3,
197210,085906,1525910347.4742007,2900,2905,2910,0,0,0,0,0,0,0,5,5,5,0,0,0,0,0,0,0,2890,2885,2860,0,0,0,0,0,0,0,504,380,1138,0,0,0,0,0,0,0,0,0,3,
197210,085911,1525910352.2571585,2900,2905,2910,0,0,0,0,0,0,0,5,5,5,0,0,0,0,0,0,0,2890,2885,2860,0,0,0,0,0,0,0,504,380,1138,0,0,0,0,0,0,0,0,0,3,
197210,085917,1525910358.7744136,2900,2905,2910,0,0,0,0,0,0,0,5,5,5,0,0,0,0,0,0,0,2890,2885,2860,0,0,0,0,0,0,0,504,380,1138,0,0,0,0,0,0,0,0,0,3,
197210,085918,1525910359.3574398,2900,2905,2910,0,0,0,0,0,0,0,5,5,5,0,0,0,0,0,0,0,2890,2885,2860,0,0,0,0,0,0,0,504,380,1138,0,0,0,0,0,0,0,0,0,3,
197210,085920,1525910361.4274256,2900,2905,2910,0,0,0,0,0,0,0,5,5,5,0,0,0,0,0,0,0,2890,2885,2860,0,0,0,0,0,0,0,504,380,1138,0,0,0,0,0,0,0,0,0,3,
197210,085925,1525910366.4132113,2900,2905,2910,0,0,0,0,0,0,0,5,5,5,0,0,0,0,0,0,0,2890,2885,2860,0,0,0,0,0,0,0,504,380,1138,0,0,0,0,0,0,0,0,0,3,
197210,085930,1525910372.186133,2900,2905,2910,0,0,0,0,0,0,0,5,5,5,0,0,0,0,0,0,0,2890,2885,2860,0,0,0,0,0,0,0,504,380,1138,0,0,0,0,0,0,0,0,0,3,
197210,085933,1525910374.6585617,2900,2905,2910,0,0,0,0,0,0,0,67,5,5,0,0,0,0,0,0,0,2890,2885,2860,0,0,0,0,0,0,0,504,380,1138,0,0,0,0,0,0,0,0,0,3,
197210,085939,1525910381.1399922,2900,2905,2910,0,0,0,0,0,0,0,67,5,5,0,0,0,0,0,0,0,2890,2885,2860,0,0,0,0,0,0,0,1304,380,1138,0,0,0,0,0,0,0,0,0,3,
197210,085941,1525910382.7727544,2900,2905,2910,0,0,0,0,0,0,0,67,5,5,0,0,0,0,0,0,0,2890,2885,2860,0,0,0,0,0,0,0,1304,380,1138,0,0,0,0,0,0,0,0,0,3,
197210,085950,1525910391.2200432,2900,2905,2910,0,0,0,0,0,0,0,67,5,5,0,0,0,0,0,0,0,2890,2885,2860,0,0,0,0,0,0,0,1304,380,1138,0,0,0,0,0,0,0,0,0,3,
197210,090001,1525910402.2116628,2900,2905,2910,0,0,0,0,0,0,0,67,5,5,0,0,0,0,0,0,0,2890,2885,2860,0,0,0,0,0,0,0,1298,380,1138,0,0,0,0,0,0,0,0,0,3,
197210,090002,1525910403.6392124,2905,2910,2915,0,0,0,0,0,0,0,5,5,5,0,0,0,0,0,0,0,2900,2890,2885,0,0,0,0,0,0,0,3560,3785,380,0,0,0,0,0,0,0,0,0,3,
197210,090004,1525910405.1563575,2905,2910,2915,0,0,0,0,0,0,0,5,5,5,0,0,0,0,0,0,0,2900,2890,2885,0,0,0,0,0,0,0,3560,3785,380,0,0,0,0,0,0,0,0,0,3,
197210,090013,1525910414.7653348,2905,2910,2915,2920,2925,2930,2935,2940,2945,2950,5,40,5,7,5,6,10,10,10,112,2900,2890,2885,2860,2855,2850,2845,2840,2835,2830,3560,3785,380,1138,10763,982,500,1080,1500,2286,25974,210,1,
197210,090014,1525910416.0843961,2905,2910,2915,2920,2925,2930,2935,2940,2945,2950,5,40,5,7,5,6,10,10,10,112,2900,2890,2885,2860,2855,2850,2845,2840,2835,2830,1007,3785,380,1138,10763,982,500,1080,1500,2286,23421,210,1,
197210,090018,1525910419.7562125,2905,2910,2915,2920,2925,2930,2935,2940,2945,2950,5,40,5,7,5,6,10,10,10,112,2900,2890,2885,2860,2855,2850,2845,2840,2835,2830,1007,3785,380,1138,10763,982,500,1080,1500,2286,23421,210,1,
197210,090020,1525910421.2223516,3130,3135,3140,0,0,0,0,0,0,0,16254,400,501,0,0,0,0,0,0,0,2900,2895,2890,0,0,0,0,0,0,0,1043,2100,3785,0,0,0,0,0,0,0,23421,210,3,
197210,090020,1525910421.678922,3130,3135,3140,0,0,0,0,0,0,0,16245,400,501,0,0,0,0,0,0,0,2900,2895,2890,0,0,0,0,0,0,0,1043,2100,3785,0,0,0,0,0,0,0,23421,210,3,
197210,090021,1525910422.235963,3130,3135,3140,0,0,0,0,0,0,0,16245,400,501,0,0,0,0,0,0,0,2900,2895,2890,0,0,0,0,0,0,0,1043,2100,3785,0,0,0,0,0,0,0,23421,210,3,
197210,090022,1525910423.2049901,3130,3135,3140,0,0,0,0,0,0,0,16245,400,501,0,0,0,0,0,0,0,2900,2895,2890,0,0,0,0,0,0,0,51043,2100,3785,0,0,0,0,0,0,0,23421,210,3,
197210,090022,1525910423.713458,3130,3135,3140,0,0,0,0,0,0,0,16245,400,501,0,0,0,0,0,0,0,2905,2900,2895,0,0,0,0,0,0,0,860,51043,2100,0,0,0,0,0,0,0,23421,210,3,
197210,090023,1525910424.2750952,3130,3135,3140,0,0,0,0,0,0,0,16245,400,501,0,0,0,0,0,0,0,2905,2900,2895,0,0,0,0,0,0,0,860,51043,2100,0,0,0,0,0,0,0,23421,210,3,
197210,090025,1525910427.071848,3130,3135,3140,0,0,0,0,0,0,0,16245,400,501,0,0,0,0,0,0,0,2905,2900,2895,0,0,0,0,0,0,0,860,51043,2100,0,0,0,0,0,0,0,23421,210,3,
197210,090026,1525910428.6328115,3130,3135,3140,0,0,0,0,0,0,0,16235,400,501,0,0,0,0,0,0,0,2905,2900,2895,0,0,0,0,0,0,0,860,51043,2100,0,0,0,0,0,0,0,23421,210,3,
197210,090032,1525910433.2876246,3130,3135,3140,0,0,0,0,0,0,0,17526,400,501,0,0,0,0,0,0,0,2905,2900,2895,0,0,0,0,0,0,0,860,51043,2100,0,0,0,0,0,0,0,23421,210,3,
197210,090035,1525910437.0812597,3130,3135,3140,0,0,0,0,0,0,0,17526,400,501,0,0,0,0,0,0,0,3070,2905,2900,0,0,0,0,0,0,0,32,860,51043,0,0,0,0,0,0,0,23421,210,3,
197210,090036,1525910437.6579158,3130,3135,3140,0,0,0,0,0,0,0,17526,400,501,0,0,0,0,0,0,0,3070,2900,2895,0,0,0,0,0,0,0,32,51043,2100,0,0,0,0,0,0,0,23421,210,3,
197210,090040,1525910441.3844106,3130,3135,3140,0,0,0,0,0,0,0,17135,400,501,0,0,0,0,0,0,0,3070,2900,2895,0,0,0,0,0,0,0,32,51043,2100,0,0,0,0,0,0,0,23421,210,3,
197210,090042,1525910444.045245,3130,3135,3140,0,0,0,0,0,0,0,17136,400,501,0,0,0,0,0,0,0,3070,2900,2895,0,0,0,0,0,0,0,32,51043,2100,0,0,0,0,0,0,0,23421,210,3,
197210,090044,1525910445.4646883,3130,3135,3140,0,0,0,0,0,0,0,17236,400,501,0,0,0,0,0,0,0,3070,2900,2895,0,0,0,0,0,0,0,32,51043,2100,0,0,0,0,0,0,0,23421,210,3,
197210,090045,1525910446.4208562,3130,3135,3140,0,0,0,0,0,0,0,17246,400,501,0,0,0,0,0,0,0,3070,2900,2895,0,0,0,0,0,0,0,32,51043,2100,0,0,0,0,0,0,0,23421,210,3,
197210,090045,1525910446.9455395,3130,3135,3140,0,0,0,0,0,0,0,18146,400,501,0,0,0,0,0,0,0,3070,2900,2895,0,0,0,0,0,0,0,32,51043,2100,0,0,0,0,0,0,0,23421,210,3,
197210,090046,1525910447.5038106,3070,3075,3085,0,0,0,0,0,0,0,1,300,380,0,0,0,0,0,0,0,2900,2895,2890,0,0,0,0,0,0,0,50194,2100,985,0,0,0,0,0,0,0,23421,210,3,
197210,090046,1525910448.1236155,3070,3075,3085,0,0,0,0,0,0,0,1,300,380,0,0,0,0,0,0,0,2900,2895,2890,0,0,0,0,0,0,0,50618,2100,985,0,0,0,0,0,0,0,23421,210,3,
197210,090049,1525910450.7330093,3070,3075,3085,0,0,0,0,0,0,0,1,300,380,0,0,0,0,0,0,0,2900,2895,2890,0,0,0,0,0,0,0,50618,2100,985,0,0,0,0,0,0,0,23421,210,3,
197210,090050,1525910451.7919874,3070,3075,3085,0,0,0,0,0,0,0,1,300,380,0,0,0,0,0,0,0,2900,2895,2890,0,0,0,0,0,0,0,50418,2100,985,0,0,0,0,0,0,0,23421,210,3,
197210,090051,1525910452.7665024,3070,3075,3085,0,0,0,0,0,0,0,1,300,380,0,0,0,0,0,0,0,2900,2895,2890,0,0,0,0,0,0,0,50450,2100,985,0,0,0,0,0,0,0,23421,210,3,
197210,090052,1525910453.2828019,3070,3075,3085,0,0,0,0,0,0,0,1,300,380,0,0,0,0,0,0,0,2900,2895,2890,0,0,0,0,0,0,0,51450,2100,985,0,0,0,0,0,0,0,23421,210,3,
197210,090055,1525910456.3865511,3070,3075,3085,0,0,0,0,0,0,0,1,300,380,0,0,0,0,0,0,0,2900,2895,2890,0,0,0,0,0,0,0,51430,2100,985,0,0,0,0,0,0,0,23421,210,3,
197210,090056,1525910457.3371356,3070,3075,3085,0,0,0,0,0,0,0,1,300,380,0,0,0,0,0,0,0,2900,2895,2890,0,0,0,0,0,0,0,51430,2100,985,0,0,0,0,0,0,0,23421,210,3,
197210,090057,1525910458.3148944,3070,3075,3085,0,0,0,0,0,0,0,1,300,380,0,0,0,0,0,0,0,2900,2895,2890,0,0,0,0,0,0,0,51430,2100,985,0,0,0,0,0,0,0,23421,210,3,
197210,090057,1525910458.7627392,3070,3075,3085,0,0,0,0,0,0,0,1,300,380,0,0,0,0,0,0,0,2900,2895,2890,0,0,0,0,0,0,0,51430,2100,985,0,0,0,0,0,0,0,23421,210,3,
197210,090058,1525910459.3386216,3070,3075,3085,0,0,0,0,0,0,0,1,300,380,0,0,0,0,0,0,0,2900,2895,2890,0,0,0,0,0,0,0,51430,2100,985,0,0,0,0,0,0,0,23421,210,3,
197210,090058,1525910459.903515,3070,3075,3085,0,0,0,0,0,0,0,1,300,380,0,0,0,0,0,0,0,2900,2895,2890,0,0,0,0,0,0,0,51687,2100,985,0,0,0,0,0,0,0,23421,210,3,
197210,090059,1525910460.4035165,3070,3075,3085,0,0,0,0,0,0,0,1,300,380,0,0,0,0,0,0,0,2900,2895,2890,0,0,0,0,0,0,0,51687,2100,985,0,0,0,0,0,0,0,23421,210,3,
197210,090059,1525910460.8650072,3070,3075,3085,0,0,0,0,0,0,0,1,300,380,0,0,0,0,0,0,0,2900,2895,2890,0,0,0,0,0,0,0,51687,2100,985,0,0,0,0,0,0,0,23421,210,3,
197210,090100,1525910461.3245697,3070,3075,3085,0,0,0,0,0,0,0,1,300,380,0,0,0,0,0,0,0,2900,2895,2890,0,0,0,0,0,0,0,51687,2100,985,0,0,0,0,0,0,0,23421,210,3,
197210,090101,1525910462.353356,3070,3075,3085,0,0,0,0,0,0,0,1,300,380,0,0,0,0,0,0,0,2900,2895,2890,0,0,0,0,0,0,0,51677,2100,985,0,0,0,0,0,0,0,23421,210,3,
197210,090102,1525910463.66245,3070,3075,3085,0,0,0,0,0,0,0,1,300,380,0,0,0,0,0,0,0,2900,2895,2890,0,0,0,0,0,0,0,51677,2100,985,0,0,0,0,0,0,0,23421,210,3,
197210,090103,1525910464.6185284,3070,3075,3085,0,0,0,0,0,0,0,1,300,380,0,0,0,0,0,0,0,2900,2895,2890,0,0,0,0,0,0,0,51677,2100,985,0,0,0,0,0,0,0,23421,210,3,
197210,090105,1525910466.214726,3070,3075,3085,0,0,0,0,0,0,0,1,300,380,0,0,0,0,0,0,0,2900,2895,2890,0,0,0,0,0,0,0,50670,2100,985,0,0,0,0,0,0,0,23421,210,3,
197210,090105,1525910466.7652893,3070,3075,3085,0,0,0,0,0,0,0,1,300,380,0,0,0,0,0,0,0,2900,2895,2890,0,0,0,0,0,0,0,50670,2100,985,0,0,0,0,0,0,0,23421,210,3,
197210,090106,1525910467.8516593,3070,3075,3085,0,0,0,0,0,0,0,1001,300,380,0,0,0,0,0,0,0,2900,2895,2890,0,0,0,0,0,0,0,50670,2100,985,0,0,0,0,0,0,0,23421,210,3,
197210,090107,1525910468.409068,3070,3075,3085,0,0,0,0,0,0,0,1001,300,380,0,0,0,0,0,0,0,2905,2900,2895,0,0,0,0,0,0,0,194,51036,2100,0,0,0,0,0,0,0,23421,210,3,
197210,090108,1525910469.3267999,3070,3075,3085,0,0,0,0,0,0,0,1001,300,380,0,0,0,0,0,0,0,2905,2900,2895,0,0,0,0,0,0,0,194,51036,2100,0,0,0,0,0,0,0,23421,210,3,
197210,090108,1525910470.1174228,3070,3075,3085,0,0,0,0,0,0,0,1031,300,380,0,0,0,0,0,0,0,2905,2900,2895,0,0,0,0,0,0,0,194,51036,2100,0,0,0,0,0,0,0,23421,210,3,
197210,090109,1525910471.0190403,2905,3070,3075,0,0,0,0,0,0,0,106,1031,300,0,0,0,0,0,0,0,2900,2895,2890,0,0,0,0,0,0,0,52789,2100,1005,0,0,0,0,0,0,0,23421,210,3,
197210,090110,1525910471.4659622,2905,3070,3075,0,0,0,0,0,0,0,300,1031,300,0,0,0,0,0,0,0,2900,2895,2890,0,0,0,0,0,0,0,52423,2100,1005,0,0,0,0,0,0,0,23421,210,3,
197210,090111,1525910472.781254,2905,3070,3075,0,0,0,0,0,0,0,300,1031,300,0,0,0,0,0,0,0,2900,2895,2890,0,0,0,0,0,0,0,52423,2100,1005,0,0,0,0,0,0,0,23421,210,3,
197210,090112,1525910474.0786133,2905,3070,3075,0,0,0,0,0,0,0,300,1031,300,0,0,0,0,0,0,0,2900,2895,2890,0,0,0,0,0,0,0,52473,2100,1005,0,0,0,0,0,0,0,23421,210,3,
197210,090113,1525910474.5277135,2905,3065,3070,0,0,0,0,0,0,0,300,1573,1031,0,0,0,0,0,0,0,2900,2895,2890,0,0,0,0,0,0,0,52473,2100,1005,0,0,0,0,0,0,0,23421,210,3,
197210,090114,1525910475.8347492,2905,3065,3070,0,0,0,0,0,0,0,300,1573,1091,0,0,0,0,0,0,0,2900,2895,2890,0,0,0,0,0,0,0,52473,2100,1005,0,0,0,0,0,0,0,23421,210,3,
197210,090115,1525910477.1306148,2905,3065,3070,0,0,0,0,0,0,0,300,1573,1091,0,0,0,0,0,0,0,2900,2895,2890,0,0,0,0,0,0,0,52675,2100,1005,0,0,0,0,0,0,0,23421,210,3,
197210,090117,1525910478.2115364,2905,3065,3070,0,0,0,0,0,0,0,300,1573,1091,0,0,0,0,0,0,0,2900,2895,2890,0,0,0,0,0,0,0,52675,2100,1005,0,0,0,0,0,0,0,23421,210,3,
197210,090118,1525910479.2881463,3065,3070,3075,0,0,0,0,0,0,0,1573,1091,300,0,0,0,0,0,0,0,2905,2900,2895,0,0,0,0,0,0,0,586,52789,2100,0,0,0,0,0,0,0,23421,210,3,
197210,090118,1525910479.7862203,3065,3070,3075,0,0,0,0,0,0,0,1573,1091,300,0,0,0,0,0,0,0,2910,2905,2900,0,0,0,0,0,0,0,687,758,52789,0,0,0,0,0,0,0,23421,210,3,
197210,090119,1525910480.2525175,3065,3070,3075,0,0,0,0,0,0,0,1573,1791,300,0,0,0,0,0,0,0,2910,2905,2900,0,0,0,0,0,0,0,687,758,52789,0,0,0,0,0,0,0,23421,210,3,
197210,090120,1525910481.6101599,3065,3070,3075,0,0,0,0,0,0,0,1573,1791,300,0,0,0,0,0,0,0,2910,2905,2900,0,0,0,0,0,0,0,687,458,52789,0,0,0,0,0,0,0,23421,210,3,
197210,090121,1525910482.1843078,3065,3070,3075,0,0,0,0,0,0,0,1573,1791,300,0,0,0,0,0,0,0,2910,2905,2900,0,0,0,0,0,0,0,787,458,2789,0,0,0,0,0,0,0,23421,210,3,
197210,090121,1525910482.7478774,3065,3070,3075,0,0,0,0,0,0,0,1573,1791,300,0,0,0,0,0,0,0,2905,2900,2895,0,0,0,0,0,0,0,386,2789,2100,0,0,0,0,0,0,0,23421,210,3,
197210,090122,1525910483.314197,3065,3070,3075,0,0,0,0,0,0,0,1573,1791,300,0,0,0,0,0,0,0,2910,2905,2900,0,0,0,0,0,0,0,622,458,2789,0,0,0,0,0,0,0,23421,210,3,
197210,090122,1525910483.8908966,3065,3070,3075,0,0,0,0,0,0,0,1573,1791,300,0,0,0,0,0,0,0,2905,2900,2895,0,0,0,0,0,0,0,386,2789,2100,0,0,0,0,0,0,0,23421,210,3,
197210,090123,1525910484.4524877,3065,3070,3075,0,0,0,0,0,0,0,1573,1791,300,0,0,0,0,0,0,0,2910,2905,2900,0,0,0,0,0,0,0,622,458,2789,0,0,0,0,0,0,0,23421,210,3,
197210,090123,1525910484.955204,3065,3070,3075,0,0,0,0,0,0,0,1573,1791,300,0,0,0,0,0,0,0,2905,2900,2895,0,0,0,0,0,0,0,386,2789,2100,0,0,0,0,0,0,0,23421,210,3,
197210,090124,1525910485.4766598,3065,3070,3075,0,0,0,0,0,0,0,1573,1791,300,0,0,0,0,0,0,0,2910,2905,2900,0,0,0,0,0,0,0,622,458,2789,0,0,0,0,0,0,0,23421,210,3,
197210,090124,1525910485.969437,3065,3070,3075,0,0,0,0,0,0,0,1573,1791,300,0,0,0,0,0,0,0,2905,2900,2895,0,0,0,0,0,0,0,385,2789,2100,0,0,0,0,0,0,0,23421,210,3,
197210,090125,1525910486.376982,3065,3070,3075,0,0,0,0,0,0,0,1573,1791,300,0,0,0,0,0,0,0,2910,2905,2900,0,0,0,0,0,0,0,620,458,2789,0,0,0,0,0,0,0,23421,210,3,
197210,090125,1525910486.7750082,3065,3070,3075,0,0,0,0,0,0,0,1573,1791,300,0,0,0,0,0,0,0,2905,2900,2895,0,0,0,0,0,0,0,385,2789,2100,0,0,0,0,0,0,0,23421,210,3,
197210,090126,1525910487.2335677,3065,3070,3075,0,0,0,0,0,0,0,1573,1791,300,0,0,0,0,0,0,0,2910,2905,2900,0,0,0,0,0,0,0,620,458,2789,0,0,0,0,0,0,0,23421,210,3,
197210,090126,1525910487.6719866,3065,3070,3075,0,0,0,0,0,0,0,1573,1791,300,0,0,0,0,0,0,0,3050,2905,2900,0,0,0,0,0,0,0,116,458,2789,0,0,0,0,0,0,0,23421,210,3,
197210,090127,1525910488.8604155,3065,3070,3075,0,0,0,0,0,0,0,1573,1791,300,0,0,0,0,0,0,0,3050,2905,2900,0,0,0,0,0,0,0,116,458,2789,0,0,0,0,0,0,0,23421,210,3,
197210,090128,1525910489.2680593,3060,3065,3070,0,0,0,0,0,0,0,250,1573,1791,0,0,0,0,0,0,0,3050,2905,2900,0,0,0,0,0,0,0,116,458,2789,0,0,0,0,0,0,0,23421,210,3,
197210,090129,1525910491.134942,3060,3065,3070,0,0,0,0,0,0,0,250,1573,1791,0,0,0,0,0,0,0,3050,2905,2900,0,0,0,0,0,0,0,116,458,2789,0,0,0,0,0,0,0,23421,210,3,
197210,090131,1525910492.1503997,3060,3065,3070,0,0,0,0,0,0,0,250,1573,1791,0,0,0,0,0,0,0,3050,2905,2900,0,0,0,0,0,0,0,316,458,2789,0,0,0,0,0,0,0,23421,210,3,
197210,090132,1525910493.747977,3060,3065,3070,0,0,0,0,0,0,0,250,1573,1791,0,0,0,0,0,0,0,3050,2905,2900,0,0,0,0,0,0,0,316,458,2789,0,0,0,0,0,0,0,23421,210,3,
197210,090133,1525910494.2652657,3060,3065,3070,0,0,0,0,0,0,0,250,1573,1791,0,0,0,0,0,0,0,3050,2905,2900,0,0,0,0,0,0,0,316,458,2789,0,0,0,0,0,0,0,23421,210,3,
197210,090133,1525910494.8265395,3060,3065,3070,0,0,0,0,0,0,0,250,1573,1791,0,0,0,0,0,0,0,3050,2905,2900,0,0,0,0,0,0,0,316,458,2789,0,0,0,0,0,0,0,23421,210,3,
197210,090134,1525910495.4194524,3060,3065,3070,0,0,0,0,0,0,0,250,1573,1731,0,0,0,0,0,0,0,3050,2905,2900,0,0,0,0,0,0,0,316,458,2789,0,0,0,0,0,0,0,23421,210,3,
197210,090137,1525910498.253778,3075,3085,3095,0,0,0,0,0,0,0,300,380,330,0,0,0,0,0,0,0,3070,3050,2905,0,0,0,0,0,0,0,56,1000,458,0,0,0,0,0,0,0,23421,210,3,
197210,090137,1525910498.752656,3075,3085,3095,0,0,0,0,0,0,0,300,380,330,0,0,0,0,0,0,0,3070,3050,2905,0,0,0,0,0,0,0,56,1000,458,0,0,0,0,0,0,0,23421,210,3,
197210,090138,1525910499.320936,3075,3085,3095,0,0,0,0,0,0,0,300,380,330,0,0,0,0,0,0,0,3070,3050,2905,0,0,0,0,0,0,0,56,1000,458,0,0,0,0,0,0,0,23421,210,3,
197210,090140,1525910502.1376445,3075,3085,3095,0,0,0,0,0,0,0,300,380,330,0,0,0,0,0,0,0,3070,3050,2910,0,0,0,0,0,0,0,56,1000,202,0,0,0,0,0,0,0,23421,210,3,
197210,090141,1525910502.6962378,3075,3085,3095,0,0,0,0,0,0,0,300,380,330,0,0,0,0,0,0,0,3070,3050,2910,0,0,0,0,0,0,0,56,1000,202,0,0,0,0,0,0,0,23421,210,3,
197210,090142,1525910503.2666805,3075,3085,3095,0,0,0,0,0,0,0,300,380,330,0,0,0,0,0,0,0,3070,3050,2910,0,0,0,0,0,0,0,56,1000,202,0,0,0,0,0,0,0,23421,210,3,
197210,090144,1525910505.3021953,3075,3085,3095,0,0,0,0,0,0,0,300,380,330,0,0,0,0,0,0,0,3070,3050,2910,0,0,0,0,0,0,0,2336,1000,202,0,0,0,0,0,0,0,23421,210,3,
197210,090145,1525910506.717123,3075,3085,3095,0,0,0,0,0,0,0,300,380,330,0,0,0,0,0,0,0,3070,3050,2910,0,0,0,0,0,0,0,2336,1000,202,0,0,0,0,0,0,0,23421,210,3,
197210,090146,1525910507.2975836,3075,3085,3095,0,0,0,0,0,0,0,300,380,330,0,0,0,0,0,0,0,3070,3050,2910,0,0,0,0,0,0,0,2336,1000,202,0,0,0,0,0,0,0,23421,210,3,
197210,090147,1525910508.3561125,3075,3085,3095,0,0,0,0,0,0,0,300,380,330,0,0,0,0,0,0,0,3070,3050,2910,0,0,0,0,0,0,0,2336,1000,202,0,0,0,0,0,0,0,23421,210,3,
197210,090147,1525910508.9835415,3075,3085,3095,0,0,0,0,0,0,0,300,380,330,0,0,0,0,0,0,0,3070,3050,2910,0,0,0,0,0,0,0,2036,1000,202,0,0,0,0,0,0,0,23421,210,3,
197210,090148,1525910509.7032251,3075,3085,3095,0,0,0,0,0,0,0,300,380,330,0,0,0,0,0,0,0,3070,3050,2910,0,0,0,0,0,0,0,1921,1000,202,0,0,0,0,0,0,0,23421,210,3,
197210,090149,1525910510.2677798,3075,3085,3095,0,0,0,0,0,0,0,300,380,330,0,0,0,0,0,0,0,3070,3050,2910,0,0,0,0,0,0,0,1871,1000,202,0,0,0,0,0,0,0,23421,210,3,
197210,090149,1525910510.9429147,3075,3085,3095,0,0,0,0,0,0,0,300,380,330,0,0,0,0,0,0,0,3070,3050,2910,0,0,0,0,0,0,0,1871,1000,202,0,0,0,0,0,0,0,23421,210,3,
197210,090150,1525910511.5654118,3075,3085,3095,0,0,0,0,0,0,0,300,380,330,0,0,0,0,0,0,0,3070,3050,2910,0,0,0,0,0,0,0,1671,1000,202,0,0,0,0,0,0,0,23421,210,3,
197210,090151,1525910512.1843987,3075,3085,3095,0,0,0,0,0,0,0,300,380,330,0,0,0,0,0,0,0,3070,3050,2910,0,0,0,0,0,0,0,1341,1000,202,0,0,0,0,0,0,0,23421,210,3,
197210,090151,1525910512.7506216,3075,3085,3095,0,0,0,0,0,0,0,300,380,330,0,0,0,0,0,0,0,3070,3050,2910,0,0,0,0,0,0,0,391,1000,202,0,0,0,0,0,0,0,23421,210,3,
197210,090153,1525910514.4417555,3075,3085,3095,0,0,0,0,0,0,0,300,380,330,0,0,0,0,0,0,0,3070,3050,2910,0,0,0,0,0,0,0,391,1000,1202,0,0,0,0,0,0,0,23421,210,3,
197210,090154,1525910515.411938,3075,3085,3095,0,0,0,0,0,0,0,300,380,330,0,0,0,0,0,0,0,3070,3050,2910,0,0,0,0,0,0,0,391,1000,1602,0,0,0,0,0,0,0,23421,210,3,
197210,090154,1525910515.967939,3075,3085,3095,0,0,0,0,0,0,0,300,380,330,0,0,0,0,0,0,0,3070,3050,2910,0,0,0,0,0,0,0,391,1000,1602,0,0,0,0,0,0,0,23421,210,3,
197210,090155,1525910516.4328694,3075,3085,3095,0,0,0,0,0,0,0,300,380,330,0,0,0,0,0,0,0,3070,3050,2910,0,0,0,0,0,0,0,391,1000,1602,0,0,0,0,0,0,0,23421,210,3,
197210,090155,1525910516.8884387,3075,3085,3095,0,0,0,0,0,0,0,300,380,330,0,0,0,0,0,0,0,3070,3050,2910,0,0,0,0,0,0,0,267,1000,1602,0,0,0,0,0,0,0,23421,210,3,
197210,090156,1525910517.3991473,3075,3085,3095,0,0,0,0,0,0,0,300,380,330,0,0,0,0,0,0,0,3070,3050,2910,0,0,0,0,0,0,0,427,1000,1602,0,0,0,0,0,0,0,23421,210,3,
197210,090156,1525910518.066188,3075,3085,3095,0,0,0,0,0,0,0,300,380,330,0,0,0,0,0,0,0,3070,3050,2910,0,0,0,0,0,0,0,427,1000,1602,0,0,0,0,0,0,0,23421,210,3,
197210,090158,1525910519.190755,3075,3085,3095,0,0,0,0,0,0,0,300,380,330,0,0,0,0,0,0,0,3070,3050,2910,0,0,0,0,0,0,0,427,1000,1602,0,0,0,0,0,0,0,23421,210,3,
197210,090158,1525910519.8263443,3075,3085,3095,0,0,0,0,0,0,0,300,380,330,0,0,0,0,0,0,0,3070,3050,2910,0,0,0,0,0,0,0,719,1000,1602,0,0,0,0,0,0,0,23421,210,3,
197210,090159,1525910520.7010214,3075,3085,3095,0,0,0,0,0,0,0,300,380,330,0,0,0,0,0,0,0,3070,3050,2910,0,0,0,0,0,0,0,719,1000,1602,0,0,0,0,0,0,0,23421,210,3,
197210,090201,1525910522.8010473,3075,3085,3095,0,0,0,0,0,0,0,300,380,330,0,0,0,0,0,0,0,3070,3050,2910,0,0,0,0,0,0,0,719,1000,1602,0,0,0,0,0,0,0,23421,210,3,
197210,090202,1525910523.3826656,3075,3085,3095,0,0,0,0,0,0,0,300,380,330,0,0,0,0,0,0,0,3070,3050,2910,0,0,0,0,0,0,0,920,1000,1602,0,0,0,0,0,0,0,23421,210,3,
197210,090202,1525910524.0681632,3075,3085,3095,0,0,0,0,0,0,0,300,380,330,0,0,0,0,0,0,0,3070,3050,2910,0,0,0,0,0,0,0,920,1000,1602,0,0,0,0,0,0,0,23421,210,3,
197210,090205,1525910526.3363035,3075,3085,3095,0,0,0,0,0,0,0,300,380,330,0,0,0,0,0,0,0,3070,3050,2910,0,0,0,0,0,0,0,2562,1000,1602,0,0,0,0,0,0,0,23421,210,3,
197210,090205,1525910526.8840733,3075,3085,3095,0,0,0,0,0,0,0,300,380,330,0,0,0,0,0,0,0,3070,3050,2910,0,0,0,0,0,0,0,2083,1000,1602,0,0,0,0,0,0,0,23421,210,3,
197210,090206,1525910527.901839,3075,3085,3095,0,0,0,0,0,0,0,300,380,330,0,0,0,0,0,0,0,3070,3050,2910,0,0,0,0,0,0,0,2083,1000,1602,0,0,0,0,0,0,0,23421,210,3,
197210,090207,1525910528.8665257,3075,3085,3095,0,0,0,0,0,0,0,300,380,330,0,0,0,0,0,0,0,3070,3050,2910,0,0,0,0,0,0,0,2083,1000,1602,0,0,0,0,0,0,0,23421,210,3,
197210,090210,1525910531.4457078,3075,3085,3095,0,0,0,0,0,0,0,21130,380,330,0,0,0,0,0,0,0,3070,3050,2910,0,0,0,0,0,0,0,2083,1000,1602,0,0,0,0,0,0,0,23421,210,3,
197210,090210,1525910532.0075858,3075,3085,3095,0,0,0,0,0,0,0,21130,380,330,0,0,0,0,0,0,0,3070,3050,2910,0,0,0,0,0,0,0,2293,1000,1602,0,0,0,0,0,0,0,23421,210,3,
197210,090211,1525910532.5649462,3075,3085,3095,0,0,0,0,0,0,0,21130,380,330,0,0,0,0,0,0,0,3070,3050,2910,0,0,0,0,0,0,0,2293,1000,1602,0,0,0,0,0,0,0,23421,210,3,
197210,090212,1525910533.6931648,3075,3085,3095,0,0,0,0,0,0,0,21130,380,330,0,0,0,0,0,0,0,3070,3050,2910,0,0,0,0,0,0,0,2493,1000,1602,0,0,0,0,0,0,0,23421,210,3,
197210,090213,1525910534.201188,3070,3075,3085,0,0,0,0,0,0,0,1507,21130,380,0,0,0,0,0,0,0,3050,2910,2905,0,0,0,0,0,0,0,1000,1602,100,0,0,0,0,0,0,0,23421,210,3,
197210,090214,1525910535.278649,3070,3075,3085,0,0,0,0,0,0,0,1407,21130,380,0,0,0,0,0,0,0,3050,2910,2905,0,0,0,0,0,0,0,1000,1602,100,0,0,0,0,0,0,0,23421,210,3,
197210,090214,1525910535.8417122,3070,3075,3085,0,0,0,0,0,0,0,5421,21130,380,0,0,0,0,0,0,0,3050,2910,2905,0,0,0,0,0,0,0,1000,1602,100,0,0,0,0,0,0,0,23421,210,3,
197210,090215,1525910536.4085193,3070,3075,3085,0,0,0,0,0,0,0,5411,21130,380,0,0,0,0,0,0,0,3050,2910,2905,0,0,0,0,0,0,0,1000,1602,100,0,0,0,0,0,0,0,23421,210,3,
197210,090215,1525910536.9664302,3070,3075,3085,0,0,0,0,0,0,0,5411,21130,380,0,0,0,0,0,0,0,3050,2910,2905,0,0,0,0,0,0,0,1010,1602,100,0,0,0,0,0,0,0,23421,210,3,
197210,090216,1525910537.6041863,3070,3075,3085,0,0,0,0,0,0,0,5911,21130,380,0,0,0,0,0,0,0,3050,2910,2905,0,0,0,0,0,0,0,1031,1602,100,0,0,0,0,0,0,0,23421,210,3,
197210,090217,1525910539.0003293,3070,3075,3085,0,0,0,0,0,0,0,5411,21130,380,0,0,0,0,0,0,0,3050,2910,2905,0,0,0,0,0,0,0,1031,1602,100,0,0,0,0,0,0,0,23421,210,3,
197210,090218,1525910539.6315296,3070,3075,3085,0,0,0,0,0,0,0,722,21130,380,0,0,0,0,0,0,0,3050,2910,2905,0,0,0,0,0,0,0,1031,1602,100,0,0,0,0,0,0,0,23421,210,3,
197210,090219,1525910540.1919296,3070,3075,3085,0,0,0,0,0,0,0,1204,21130,380,0,0,0,0,0,0,0,3050,2910,2905,0,0,0,0,0,0,0,1031,1602,100,0,0,0,0,0,0,0,23421,210,3,
197210,090219,1525910540.749052,3070,3075,3085,0,0,0,0,0,0,0,1843,21130,380,0,0,0,0,0,0,0,3050,2910,2905,0,0,0,0,0,0,0,1031,1602,100,0,0,0,0,0,0,0,23421,210,3,
197210,090221,1525910543.1022987,3070,3075,3085,0,0,0,0,0,0,0,1843,21130,380,0,0,0,0,0,0,0,3050,2910,2905,0,0,0,0,0,0,0,1031,1602,100,0,0,0,0,0,0,0,23421,210,3,
197210,090222,1525910543.6605499,3070,3075,3085,0,0,0,0,0,0,0,1843,21130,380,0,0,0,0,0,0,0,3050,2910,2905,0,0,0,0,0,0,0,1031,1602,100,0,0,0,0,0,0,0,23421,210,3,
197210,090223,1525910544.2100987,3070,3075,3085,0,0,0,0,0,0,0,1725,21130,380,0,0,0,0,0,0,0,3050,2910,2905,0,0,0,0,0,0,0,1031,1602,100,0,0,0,0,0,0,0,23421,210,3,
197210,090223,1525910544.8488524,3070,3075,3085,0,0,0,0,0,0,0,1926,21130,380,0,0,0,0,0,0,0,3050,2910,2905,0,0,0,0,0,0,0,1031,1602,100,0,0,0,0,0,0,0,23421,210,3,
197210,090226,1525910547.7234602,3070,3075,3085,0,0,0,0,0,0,0,1926,21130,380,0,0,0,0,0,0,0,3050,2910,2905,0,0,0,0,0,0,0,1031,1602,100,0,0,0,0,0,0,0,23421,210,3,
197210,090227,1525910548.1830766,3070,3075,3085,0,0,0,0,0,0,0,3926,21130,380,0,0,0,0,0,0,0,3050,2910,2905,0,0,0,0,0,0,0,1231,1602,100,0,0,0,0,0,0,0,23421,210,3,
197210,090228,1525910549.8105907,3070,3075,3085,0,0,0,0,0,0,0,3926,21130,380,0,0,0,0,0,0,0,3050,2910,2900,0,0,0,0,0,0,0,1231,1602,2789,0,0,0,0,0,0,0,23421,210,3,
197210,090229,1525910550.2695699,3070,3075,3085,0,0,0,0,0,0,0,3920,21130,380,0,0,0,0,0,0,0,3050,2910,2900,0,0,0,0,0,0,0,1231,1602,2789,0,0,0,0,0,0,0,23421,210,3,
197210,090231,1525910553.0803688,3070,3075,3085,0,0,0,0,0,0,0,4845,21130,380,0,0,0,0,0,0,0,3050,2910,2900,0,0,0,0,0,0,0,1231,1602,2789,0,0,0,0,0,0,0,23421,210,3,
197210,090233,1525910554.549656,3070,3075,3085,0,0,0,0,0,0,0,4845,21130,380,0,0,0,0,0,0,0,3050,2910,2900,0,0,0,0,0,0,0,1231,1602,2789,0,0,0,0,0,0,0,23421,210,3,
197210,090235,1525910556.1372707,3070,3075,3085,0,0,0,0,0,0,0,4845,21130,380,0,0,0,0,0,0,0,3050,2910,2900,0,0,0,0,0,0,0,1231,1602,2789,0,0,0,0,0,0,0,23421,210,3,
197210,090235,1525910556.6392276,3070,3075,3085,0,0,0,0,0,0,0,4849,21130,380,0,0,0,0,0,0,0,3050,2910,2900,0,0,0,0,0,0,0,1231,1602,2789,0,0,0,0,0,0,0,23421,210,3,
197210,090235,1525910557.0607412,3070,3075,3085,0,0,0,0,0,0,0,4849,21130,380,0,0,0,0,0,0,0,3050,2910,2900,0,0,0,0,0,0,0,1231,1602,2789,0,0,0,0,0,0,0,23421,210,3,
197210,090236,1525910557.956266,3070,3075,3085,0,0,0,0,0,0,0,6491,21130,380,0,0,0,0,0,0,0,3050,2910,2900,0,0,0,0,0,0,0,1231,1602,2789,0,0,0,0,0,0,0,23421,210,3,
197210,090237,1525910558.4490526,3070,3075,3085,3095,3100,3110,3125,3130,3135,3140,6491,21130,380,330,2652,5000,1400,20180,400,902,3050,2910,2900,2895,2890,2885,2860,2855,2850,2845,1231,1602,2789,2100,3805,380,238,8342,280,500,21267,58865,1,
197210,090237,1525910559.035235,3070,3075,3085,3095,3100,3110,3125,3130,3135,3140,6441,21130,380,330,2652,5000,1400,20180,400,902,3050,2915,2910,2905,2900,2895,2890,2885,2860,2855,1231,1639,1602,307,2789,2100,3805,380,238,8342,22433,58815,1,
197210,090239,1525910560.2180662,3070,3075,3085,3095,3100,3110,3125,3130,3135,3140,6441,21130,380,330,2652,5000,1400,5180,400,902,3050,2915,2910,2905,2900,2895,2890,2885,2860,2855,1231,1639,1602,307,2789,2100,3805,380,238,8342,22433,43815,1,
197210,090241,1525910562.3715386,3065,3070,3075,3085,3095,3100,3110,3125,3130,3135,200,6441,21130,380,330,2652,5000,1400,5180,400,3050,2915,2910,2905,2900,2895,2890,2885,2860,2855,1231,1639,1602,307,2789,2100,3805,380,238,8342,22433,43113,1,
197210,090241,1525910562.9643118,3065,3070,3075,3085,3095,3100,3110,3125,3130,3135,200,6441,21130,380,330,2652,5000,1400,5180,400,3050,2915,2910,2905,2900,2895,2890,2885,2860,2855,1231,1639,1602,307,3789,2100,3805,380,238,8342,23433,43113,1,
197210,090242,1525910563.5180452,3065,3070,3075,3085,3095,3100,3110,3125,3130,3135,200,6766,21130,380,330,2652,5000,1400,5180,400,3050,2915,2910,2905,2900,2895,2890,2885,2860,2855,1231,1639,1602,307,3789,2100,3805,380,238,8342,23433,43438,1,
197210,090242,1525910564.0205057,3065,3070,3075,3085,3095,3100,3110,3125,3130,3135,200,6766,21130,380,330,2652,5000,1400,5180,400,2915,2910,2905,2900,2895,2890,2885,2860,2855,2850,1639,1602,307,3789,2100,3805,380,238,8342,280,22482,43438,1,
197210,090243,1525910564.4873483,3065,3070,3075,3085,3095,3100,3110,3125,3130,3135,200,6766,21130,380,330,2652,5000,1400,5180,400,2920,2915,2910,2905,2900,2895,2890,2885,2860,2855,856,2738,1602,307,3789,2100,3805,380,238,8342,24157,43438,1,
197210,090243,1525910565.008722,3065,3070,3075,3085,3095,3100,3110,3125,3130,3135,200,6766,21130,380,330,2652,5000,1400,5180,400,2925,2920,2915,2910,2900,2895,2890,2885,2860,2855,266,1163,2738,1602,3789,2100,3805,380,238,8342,24423,43438,1,
197210,090244,1525910565.3991055,3065,3070,3075,3085,3095,3100,3110,3125,3130,3135,200,6766,21130,380,330,2652,5000,1400,5180,400,2930,2925,2920,2915,2910,2900,2895,2890,2885,2860,595,266,1163,2738,1602,3789,2100,3805,380,238,16676,43438,1,
197210,090244,1525910565.8668492,3065,3070,3075,3085,3095,3100,3110,3125,3130,3135,200,6766,21130,380,330,2652,5000,1400,5180,400,2930,2920,2915,2910,2900,2895,2890,2885,2860,2855,595,1163,2738,1602,3789,2100,3805,380,238,8342,24752,43438,1,
197210,090246,1525910567.5546334,3065,3070,3075,3085,3095,3100,3110,3125,3130,3135,200,6766,21130,380,330,2652,5000,1400,5180,400,2930,2920,2915,2910,2900,2895,2890,2885,2860,2855,595,1163,2738,1602,3789,2100,3805,380,776,8342,25290,43438,1,
197210,090246,1525910568.113604,3065,3070,3075,3085,3095,3100,3110,3125,3130,3135,200,6766,21130,380,330,2652,5000,1400,5180,400,2925,2920,2915,2910,2900,2895,2890,2885,2860,2855,100,1163,2738,1602,3789,2100,3805,380,776,8342,24795,43438,1,
197210,090247,1525910568.6242206,3065,3070,3075,3085,3095,3100,3110,3125,3130,3135,200,7266,21130,380,330,2652,5000,1400,5180,400,2925,2920,2915,2910,2900,2895,2890,2885,2860,2855,100,1163,2738,1602,3789,2100,3805,380,776,8342,24795,43938,1,
197210,090248,1525910569.148643,3065,3070,3075,3085,3095,3100,3110,3125,3130,3135,195,7271,21130,380,330,2652,5000,1400,5180,400,2915,2910,2900,2895,2890,2885,2860,2855,2850,2845,1760,1602,3790,2100,3805,380,776,8342,280,500,23335,43938,1,
197210,090248,1525910569.5985956,2955,3060,3065,3070,3075,3085,3095,3100,3110,3125,32,1416,2173,7271,21130,380,330,2652,5000,1400,2930,2915,2910,2905,2900,2895,2890,2885,2860,2855,595,1760,1602,2353,3790,2100,3805,380,776,8342,25503,41784,1,
197210,090248,1525910570.1116378,2955,3055,3060,3065,3070,3075,3085,3095,3100,3110,13,978,1416,7195,7271,21130,380,330,2652,5000,2930,2915,2910,2905,2900,2895,2890,2885,2860,2855,595,1760,1602,4728,3790,2100,3805,380,776,8342,27878,46365,1,
197210,090249,1525910570.5249825,2955,3050,3055,3060,3065,3070,3075,3085,3095,3100,13,266,978,1150,8195,7271,21130,380,330,2652,2930,2915,2910,2905,2900,2895,2890,2885,2860,2855,1095,1760,1602,4728,3790,2100,3805,380,776,8342,28378,42365,1,
197210,090249,1525910570.9656658,2955,3050,3055,3060,3065,3070,3075,3085,3095,3100,13,266,978,1150,8195,7271,21130,380,330,2652,2930,2915,2910,2905,2900,2895,2890,2885,2860,2855,1095,1779,1602,4728,3790,2100,3805,380,776,8342,28397,42365,1,
197210,090250,1525910571.4052863,2955,3050,3055,3060,3065,3070,3075,3085,3095,3100,13,266,978,1150,8195,7271,21130,380,330,2652,2935,2930,2915,2910,2905,2900,2895,2890,2885,2860,4088,1095,1779,1602,4728,3790,2100,3805,380,776,24143,42365,1,
197210,090250,1525910571.9184043,2955,3050,3055,3060,3065,3070,3075,3085,3095,3100,13,266,978,1150,8195,7271,21130,380,330,2652,2940,2935,2930,2915,2910,2905,2900,2895,2890,2885,927,4088,1095,1118,1602,3577,3790,2100,3805,380,22482,42365,1,
197210,090251,1525910572.482059,3045,3050,3055,3060,3065,3070,3075,3085,3095,3100,13,266,978,1150,8195,7271,21130,380,330,2652,2940,2935,2930,2915,2910,2905,2900,2895,2890,2885,2068,4088,1095,1118,1602,3577,3790,2100,3805,380,23623,42365,1,
197210,090251,1525910573.0192266,3040,3045,3055,3060,3065,3070,3075,3085,3095,3100,266,13,978,1150,8195,7271,21130,380,330,2652,2940,2935,2930,2915,2910,2905,2900,2895,2890,2885,2068,4088,1595,1118,1602,3577,3790,2100,3805,380,24123,42365,1,
197210,090252,1525910573.5200155,3035,3040,3055,3060,3065,3070,3075,3085,3095,3100,13,266,978,1150,8195,7271,21130,380,330,2652,2950,2940,2935,2930,2915,2910,2905,2900,2895,2890,277,2068,4088,1592,1118,1602,2375,3790,2100,3805,22815,42365,1,
197210,090252,1525910574.077313,3035,3040,3055,3060,3065,3070,3075,3085,3095,3100,13,266,978,1150,8195,7271,21130,380,330,2652,2960,2955,2950,2940,2935,2930,2915,2910,2905,2900,142,266,277,2992,4088,1590,1118,1602,2375,3790,18240,42365,1,
197210,090253,1525910574.598633,3035,3040,3055,3060,3065,3070,3075,3085,3095,3100,13,266,978,1150,8195,7271,21130,380,330,2652,2960,2950,2940,2935,2930,2915,2910,2905,2900,2895,142,277,2992,4088,1590,1118,1602,2375,3790,2100,20074,42365,1,
197210,090253,1525910575.0511668,3035,3040,3055,3060,3065,3070,3075,3085,3095,3100,13,266,978,1150,8195,7271,21130,380,330,2652,2965,2960,2950,2940,2935,2930,2915,2910,2905,2900,255,142,277,2992,4088,1588,1118,1602,2375,3790,18227,42365,1,
197210,090254,1525910575.5175703,3035,3040,3055,3060,3065,3070,3075,3085,3095,3100,13,266,978,1150,8195,7271,21130,380,330,2652,2960,2950,2940,2935,2930,2915,2910,2905,2900,2895,142,277,2992,4088,1587,1118,1602,2375,3890,2100,20171,42365,1,
197210,090254,1525910575.951391,3035,3040,3055,3060,3065,3070,3075,3085,3095,3100,13,266,978,1150,8195,5271,21130,380,330,2652,2965,2960,2950,2940,2935,2930,2915,2910,2905,2900,255,142,277,2992,4088,1587,1118,1602,2375,3890,18326,40365,1,
197210,090255,1525910576.3502836,3035,3040,3055,3060,3065,3070,3075,3085,3095,3100,338,266,978,1150,8195,4946,21130,380,330,2652,2960,2950,2940,2935,2930,2915,2910,2905,2900,2895,142,277,2992,4088,1000,1118,1602,2375,3890,2100,19584,40365,1,
197210,090256,1525910577.188868,3035,3040,3055,3060,3065,3070,3075,3085,3095,3100,338,266,978,1150,8195,4946,21130,380,330,2652,2965,2960,2950,2940,2935,2930,2915,2910,2905,2900,588,142,277,2992,4088,1000,1118,1602,2375,3890,18072,40365,1,
197210,090256,1525910577.6993694,3030,3035,3055,3060,3065,3070,3075,3085,3095,3100,1122,338,978,294,8195,4946,21130,380,330,2652,2970,2965,2960,2950,2940,2935,2930,2915,2910,2905,338,588,142,277,2992,4088,1000,1118,1602,2375,14520,40365,1,
197210,090257,1525910578.1674688,2970,3025,3030,3035,3060,3065,3070,3075,3085,3095,266,991,856,325,294,8195,4946,21130,380,330,2965,2960,2950,2940,2935,2930,2915,2910,2905,2900,588,142,277,2992,4088,1000,1118,1602,2375,3890,18072,37713,1,
197210,090257,1525910578.6661167,2970,3025,3030,3035,3060,3065,3070,3075,3085,3095,114,991,856,325,294,8347,4946,21130,380,330,2965,2960,2950,2935,2930,2915,2910,2905,2900,2895,586,142,277,4088,1000,259,1602,2375,3890,2100,16319,37713,1,
197210,090257,1525910579.1269658,2970,3025,3030,3035,3060,3065,3070,3075,3085,3095,114,1143,856,325,294,8195,4646,21130,380,330,2950,2935,2930,2915,2910,2905,2900,2895,2890,2885,203,4088,1000,259,1602,2375,3890,2100,3805,380,19702,37413,1,
197210,090258,1525910579.6403565,2970,3025,3030,3035,3060,3065,3070,3075,3085,3095,114,1143,940,325,294,8195,13247,21130,380,330,2960,2950,2940,2935,2930,2915,2910,2905,2900,2895,100,203,348,4088,1000,259,1602,2375,3890,2100,15965,46098,1,
197210,090259,1525910580.7029736,2970,3025,3030,3035,3060,3065,3070,3075,3085,3095,114,1143,940,325,294,8195,13338,21130,380,330,2960,2950,2940,2935,2930,2915,2910,2905,2900,2895,100,203,348,4088,1000,259,1602,2375,3890,2100,15965,46189,1,
197210,090300,1525910581.2696483,2970,3025,3030,3035,3060,3065,3070,3075,3085,3095,114,1143,940,325,294,8195,13338,21130,380,330,2960,2950,2940,2935,2930,2915,2910,2905,2900,2895,100,203,348,4088,1000,259,1602,2375,2890,2100,14965,46189,1,
197210,090300,1525910581.835676,3025,3030,3035,3060,3065,3070,3075,3085,3095,3100,1143,940,325,294,8195,13338,21130,380,330,2652,2960,2950,2940,2935,2930,2915,2910,2905,2900,2895,100,203,348,4088,1000,259,1602,2375,2890,2100,14965,48727,1,
197210,090301,1525910582.3566382,3020,3025,3030,3035,3060,3065,3070,3075,3085,3095,114,1143,940,325,294,8195,13338,21130,380,330,2960,2950,2940,2935,2930,2915,2910,2905,2900,2895,100,203,348,4088,1000,259,1602,2375,2890,2100,14965,46189,1,
197210,090301,1525910582.9125402,3015,3020,3025,3030,3035,3060,3065,3070,3075,3085,13,114,1130,940,325,294,8195,13338,21130,380,2965,2960,2950,2940,2935,2930,2915,2910,2905,2900,474,100,203,1496,4088,1000,259,1602,2375,2890,14487,45859,1,
197210,090302,1525910583.4646428,3020,3025,3030,3035,3060,3065,3070,3075,3085,3095,97,1130,940,325,294,8195,13338,21130,380,330,2965,2960,2950,2940,2935,2930,2915,2910,2905,2900,474,100,203,1496,4088,1000,259,1602,2375,2890,14487,46159,1,
197210,090302,1525910583.9915457,3020,3025,3030,3035,3060,3065,3070,3075,3085,3095,1097,1130,940,325,294,7195,13338,21130,380,330,2965,2960,2955,2950,2940,2935,2930,2915,2910,2905,474,100,8000,203,2625,4088,1000,259,1602,2375,20726,46159,1,
197210,090303,1525910584.4994938,3015,3020,3030,3035,3060,3065,3070,3075,3085,3095,1130,1097,940,325,294,7195,13338,21130,380,330,2970,2965,2960,2955,2950,2935,2930,2915,2910,2905,841,474,100,8000,203,4088,1000,259,1602,2375,18942,46159,1,
197210,090303,1525910584.9535344,3015,3020,3030,3035,3060,3065,3070,3075,3085,3095,1130,1097,940,325,384,7195,13338,21130,380,330,2970,2965,2960,2955,2950,2935,2930,2915,2910,2905,841,474,100,8000,203,4088,1000,259,1602,2375,18942,46249,1,
197210,090304,1525910585.5232344,3015,3020,3030,3035,3060,3065,3070,3075,3085,3095,1130,1097,940,325,384,7195,13338,21130,380,330,2970,2965,2960,2955,2950,2930,2915,2910,2905,2900,781,474,100,8000,203,1000,259,1602,2375,2890,17684,46249,1,
197210,090304,1525910586.0873437,3010,3015,3020,3030,3035,3060,3065,3070,3075,3085,916,1130,1097,84,325,384,7195,12599,21130,380,2970,2965,2960,2955,2950,2930,2915,2910,2905,2900,781,474,100,8000,203,1000,259,1602,2375,2890,17684,45240,1,
197210,090305,1525910586.7052743,3010,3015,3020,3030,3035,3060,3065,3070,3075,3085,916,1130,1097,84,325,384,7195,12599,21130,380,2970,2965,2960,2955,2950,2940,2930,2915,2910,2905,781,474,100,8000,203,119,1000,259,1602,2375,14913,45240,1,
197210,090306,1525910587.2176952,3005,3010,3015,3020,3030,3035,3060,3065,3070,3075,97,916,1130,1000,84,325,384,7195,12599,21130,2970,2965,2960,2955,2950,2940,2930,2915,2910,2905,781,474,100,8000,203,119,1000,259,1602,2375,14913,44860,1,
197210,090306,1525910587.724674,3010,3015,3020,3030,3035,3060,3065,3070,3075,3085,676,1130,1000,84,325,384,7195,12599,21130,380,2975,2970,2965,2960,2955,2950,2940,2930,2915,2910,298,781,474,553,8000,203,119,1000,259,1602,13289,44903,1,
197210,090307,1525910588.230796,3005,3010,3015,3020,3030,3035,3060,3065,3070,3075,7810,676,1130,1000,84,325,384,7195,12599,300,2975,2965,2960,2955,2950,2940,2930,2915,2910,2905,298,474,553,8000,203,119,1000,19,1602,2375,14643,31503,1,
197210,090307,1525910588.6817372,3005,3010,3015,3020,3030,3035,3055,3060,3065,3070,7810,826,1130,1000,84,325,294,90,7195,12599,2975,2965,2960,2955,2950,2940,2930,2915,2910,2905,298,574,553,8000,203,119,1000,19,1602,2375,14743,31353,1,
197210,090307,1525910589.1395998,3005,3010,3015,3020,3030,3035,3050,3060,3065,3070,7810,826,1130,1000,84,325,294,90,7195,12599,2975,2965,2960,2955,2950,2940,2930,2915,2910,2905,298,574,553,8000,203,119,1000,19,1602,2375,14743,31353,1,
197210,090308,1525910589.5975401,3005,3010,3015,3020,3030,3035,3045,3060,3065,3070,7810,826,1130,1000,84,325,294,90,8027,12599,2975,2965,2960,2955,2950,2940,2930,2915,2910,2905,266,574,553,8000,203,119,1000,19,1602,2375,14711,32185,1,
197210,090308,1525910590.0460343,3005,3010,3015,3020,3030,3035,3050,3060,3065,3070,7810,826,1130,1000,378,325,40,90,8027,12599,2975,2970,2965,2960,2955,2950,2940,2930,2915,2910,267,1145,574,553,8000,203,119,1000,19,1602,13482,32225,1,
197210,090309,1525910590.4529243,3000,3005,3010,3015,3020,3030,3035,3050,3060,3065,676,7810,150,1424,1000,84,325,40,90,8027,2975,2970,2965,2960,2955,2950,2940,2930,2915,2910,267,1145,574,553,8000,203,119,1000,19,1602,13482,19626,1,
197210,090309,1525910590.96181,3000,3005,3010,3015,3020,3035,3050,3060,3065,3070,676,7810,150,1508,1000,325,40,122,7995,12599,2975,2970,2965,2960,2955,2950,2940,2930,2915,2910,1,1145,574,553,8000,203,119,1000,19,1602,13216,32225,1,
197210,090310,1525910591.5259273,2970,3000,3005,3010,3015,3020,3035,3050,3060,3065,859,892,7810,444,1214,1000,325,40,122,7995,2965,2960,2955,2950,2940,2930,2915,2910,2905,2900,574,553,8000,203,119,1000,19,1602,2375,2890,17335,20701,1,
197210,090310,1525910592.0411205,2970,3000,3005,3010,3015,3020,3035,3050,3060,3065,859,892,7810,444,1214,1000,325,40,122,6995,2965,2960,2955,2940,2930,2915,2910,2905,2900,2895,574,100,8500,119,1000,19,1602,2375,2890,2100,19279,19701,1,
197210,090311,1525910592.6119676,2970,3000,3005,3010,3015,3020,3035,3050,3060,3065,859,892,7810,444,1214,1000,325,40,122,6995,2965,2955,2940,2930,2915,2910,2905,2900,2895,2890,574,8500,119,1000,19,1602,2375,2890,2100,1005,20184,19701,1,
197210,090311,1525910593.1228812,2970,2990,3000,3005,3010,3015,3020,3035,3050,3060,809,216,970,7810,150,1214,1000,325,40,122,2965,2955,2940,2930,2915,2910,2905,2900,2895,2890,574,8500,119,1000,19,1602,2375,2890,2100,1005,20184,12656,1,
197210,090312,1525910593.6340694,2970,2990,3000,3005,3010,3015,3020,3035,3050,3055,809,216,970,7810,150,1214,1000,325,40,32,2965,2955,2940,2930,2915,2910,2905,2900,2895,2890,574,8500,119,1000,19,1602,2375,2890,2100,1005,20184,12566,1,
197210,090313,1525910594.1749907,2965,2970,2990,3000,3005,3010,3015,3020,3035,3050,102,809,216,294,7810,150,1214,1000,325,72,2955,2940,2930,2915,2910,2905,2900,2895,2890,2885,8550,119,1000,19,1602,2375,2890,2100,1005,380,20040,11992,1,
197210,090313,1525910594.7188113,2965,2970,2990,3000,3005,3010,3015,3020,3035,3045,102,809,216,294,7810,150,1214,1000,325,32,2955,2940,2930,2915,2910,2905,2900,2895,2890,2885,8550,119,1000,19,1602,2375,2890,2100,1005,380,20040,11952,1,
197210,090314,1525910595.3901734,2965,2970,2990,3000,3005,3010,3015,3020,3035,3040,102,809,216,294,7810,150,1214,1000,325,32,2955,2950,2940,2930,2915,2910,2905,2900,2895,2890,8550,33,119,1000,19,1602,2375,2890,2100,1005,19693,11952,1,
197210,090314,1525910596.0644393,2965,2970,2990,3000,3005,3010,3015,3020,3035,3050,102,809,216,294,7810,150,1214,1000,357,40,2955,2950,2940,2930,2915,2910,2905,2900,2895,2890,8651,33,119,1000,19,1602,2375,2890,2100,1005,19794,11992,1,
197210,090315,1525910596.75084,2990,3000,3005,3010,3015,3020,3035,3050,3060,3065,216,294,7810,150,1214,1000,357,40,90,6995,2975,2955,2950,2940,2930,2915,2910,2905,2900,2895,589,8651,33,119,1000,19,1602,2375,2890,2100,19378,18166,1,
197210,090316,1525910597.3721752,2990,3000,3005,3010,3015,3020,3035,3050,3060,3065,216,294,7810,150,1214,1000,32,40,90,6995,2975,2955,2950,2940,2930,2915,2910,2905,2900,2895,264,8651,33,119,1000,19,1602,2375,2890,2100,19053,17841,1,
197210,090316,1525910597.9821653,2990,2995,3000,3005,3010,3015,3020,3035,3050,3060,216,474,294,7810,150,1214,1000,32,40,90,2975,2955,2950,2940,2930,2915,2910,2905,2900,2895,264,8651,33,119,1000,19,1602,2375,2890,2100,19053,11320,1,
197210,090317,1525910598.5127254,2990,2995,3000,3005,3010,3015,3020,3035,3050,3060,216,474,294,7894,150,1130,1000,32,40,90,2975,2955,2950,2940,2930,2915,2910,2905,2900,2895,264,8651,33,119,1000,19,1602,2375,2890,2100,19053,11320,1,
197210,090317,1525910599.029283,2990,2995,3000,3005,3010,3015,3020,3035,3050,3060,216,474,294,7894,150,1130,1000,32,40,90,2975,2960,2955,2950,2940,2930,2915,2910,2905,2900,264,300,8651,33,119,1000,19,1602,2375,2890,17253,11320,1,
197210,090318,1525910599.5304434,2990,2995,3000,3005,3010,3015,3020,3035,3050,3060,216,474,294,7894,150,1130,1000,32,40,90,2965,2960,2955,2950,2940,2930,2915,2910,2905,2900,2700,300,8651,33,119,1000,19,1602,2375,2890,19689,11320,1,
197210,090318,1525910600.009874,2990,2995,3000,3005,3010,3015,3020,3035,3050,3060,216,474,737,7894,150,1130,1000,32,40,90,2965,2960,2955,2950,2940,2930,2915,2910,2905,2900,2750,300,8651,33,119,1000,19,1602,2375,2890,19739,11763,1,
197210,090319,1525910600.521955,2990,2995,3000,3005,3010,3015,3020,3035,3050,3060,216,474,737,7894,150,1130,1000,32,40,90,2965,2960,2955,2950,2940,2935,2930,2915,2910,2905,2750,435,8651,33,119,1000,1000,19,1602,2375,17984,11763,1,
197210,090319,1525910601.142144,2990,2995,3000,3005,3010,3015,3020,3035,3050,3060,216,474,737,7894,150,1130,1000,32,40,90,2965,2960,2955,2950,2940,2935,2930,2915,2910,2905,2750,435,8651,33,119,1000,1000,19,1602,2375,17984,11763,1,
197210,090321,1525910602.2042325,2990,2995,3000,3005,3010,3015,3020,3035,3050,3060,216,474,737,7894,150,1130,1000,32,40,90,2965,2960,2955,2950,2940,2935,2930,2915,2910,2905,2750,535,8651,33,119,1000,1000,19,1602,2375,18084,11763,1,
197210,090321,1525910602.7687511,2990,2995,3000,3005,3010,3015,3020,3035,3050,3060,216,474,737,7894,2150,1130,1000,32,40,90,2965,2960,2955,2950,2940,2935,2930,2915,2910,2905,2973,535,8911,33,119,1000,1000,19,1602,2375,18567,13763,1,
197210,090322,1525910603.381253,2990,2995,3000,3005,3010,3015,3020,3035,3050,3060,216,474,737,7894,2150,1130,1000,32,40,90,2965,2960,2955,2950,2940,2935,2930,2915,2910,2905,2973,535,8911,33,119,1000,1000,19,1602,2375,18567,13763,1,
197210,090323,1525910604.411211,2990,2995,3000,3005,3010,3015,3020,3035,3050,3060,216,474,737,7894,2185,1130,1000,32,40,90,2965,2960,2955,2950,2940,2935,2930,2915,2910,2905,2981,535,8911,33,119,1000,1000,19,1602,2375,18575,13798,1,
197210,090323,1525910604.9882815,2990,2995,3000,3005,3010,3015,3020,3035,3050,3060,213,474,737,7894,2185,1130,1000,32,40,90,2970,2965,2960,2955,2950,2940,2935,2930,2915,2910,50,2931,13771,8911,33,119,1000,1000,19,1602,29436,13795,1,
197210,090324,1525910605.4340906,2990,2995,3000,3005,3010,3015,3020,3035,3050,3060,213,474,737,7894,2185,1130,1000,32,40,90,2975,2970,2965,2960,2955,2950,2940,2935,2930,2915,3,50,2931,13771,8911,33,119,1000,1000,19,27837,13795,1,
197210,090324,1525910605.8913686,2990,2995,3000,3005,3010,3015,3020,3035,3050,3060,213,474,737,7894,2185,1130,1000,32,40,90,2975,2970,2965,2960,2955,2950,2935,2930,2915,2910,3,50,2931,13771,8911,33,1000,1000,19,1602,29320,13795,1,
197210,090325,1525910606.508208,2990,2995,3000,3005,3010,3015,3020,3035,3050,3060,213,474,737,7894,2185,1130,1000,32,1040,90,2975,2970,2965,2960,2955,2950,2935,2930,2915,2910,3,50,2931,13771,8911,33,1000,1000,19,1602,29320,14795,1,
197210,090326,1525910608.029955,2990,2995,3000,3005,3010,3015,3020,3035,3050,3060,213,474,737,7894,2185,1130,1000,32,1040,90,2975,2970,2965,2960,2955,2950,2935,2930,2915,2910,3,50,5931,13771,8911,33,1000,1000,19,1602,32320,14795,1,
197210,090327,1525910608.4846187,2990,2995,3000,3005,3010,3015,3020,3035,3050,3060,213,474,737,7894,2185,1130,1000,32,1040,90,2975,2970,2965,2960,2955,2950,2935,2930,2915,2910,3,50,5931,13771,8911,33,1000,1000,19,1602,32320,14795,1,
197210,090327,1525910608.8916156,2990,2995,3000,3005,3010,3015,3020,3035,3050,3060,213,474,737,7894,2185,1130,1000,32,1040,90,2975,2970,2965,2960,2955,2950,2935,2930,2915,2910,3,50,6731,13771,8911,33,1000,1000,19,1602,33120,14795,1,
197210,090328,1525910609.8422143,2990,2995,3000,3005,3010,3015,3020,3035,3050,3060,213,474,737,7894,2185,1130,1000,32,1040,90,2980,2975,2965,2960,2955,2950,2935,2930,2915,2910,3,400,6731,13771,8911,33,1000,1000,19,1602,33470,14795,1,
197210,090329,1525910610.3030193,2990,2995,3000,3005,3010,3015,3020,3035,3050,3060,213,474,737,7894,2185,1130,1000,32,1040,90,2980,2975,2965,2960,2955,2950,2935,2930,2915,2910,3,550,6731,13771,8911,33,1000,1000,19,1602,33620,14795,1,
197210,090330,1525910611.215075,2990,2995,3000,3005,3010,3015,3020,3035,3050,3060,213,474,737,7894,2185,1130,1000,32,1040,90,2980,2975,2965,2960,2955,2950,2935,2930,2915,2910,3,555,6731,13771,8911,33,1000,1000,19,1602,33625,14795,1,
197210,090330,1525910611.7712438,2990,2995,3000,3005,3010,3015,3020,3035,3050,3060,212,474,737,7894,2185,1130,1000,32,1040,90,2980,2975,2965,2960,2955,2950,2935,2930,2915,2910,3,555,6731,13771,8911,33,1000,1000,19,1602,33625,14794,1,
197210,090331,1525910612.2642293,2990,2995,3000,3005,3010,3015,3020,3035,3050,3060,212,474,737,7894,2185,1130,1000,32,3040,90,2980,2975,2965,2960,2955,2950,2935,2930,2915,2910,3,555,6731,13771,8911,33,1000,1000,19,1602,33625,16794,1,
197210,090331,1525910612.7784975,2990,2995,3000,3005,3010,3015,3020,3035,3050,3060,212,474,737,7894,2185,1130,1000,32,3040,90,2980,2975,2965,2960,2955,2950,2935,2930,2915,2910,3,555,6731,13771,8911,33,1000,1000,19,1602,33625,16794,1,
197210,090332,1525910613.859863,2990,2995,3000,3005,3010,3015,3020,3035,3050,3060,212,474,737,7894,2185,1130,1000,32,3040,90,2980,2975,2965,2960,2955,2950,2935,2930,2915,2910,3,555,6731,13771,8911,33,1000,1000,20,1602,33626,16794,1,
197210,090333,1525910614.832059,2990,2995,3000,3005,3010,3015,3020,3035,3050,3060,212,474,737,7894,2185,1130,1000,32,3040,90,2980,2975,2965,2960,2955,2950,2935,2930,2915,2910,3,555,6731,13771,8911,33,1000,1000,20,1602,33626,16794,1,
197210,090334,1525910615.2842524,2990,2995,3000,3005,3010,3015,3020,3035,3050,3060,212,474,737,7894,2185,1130,1000,32,3040,90,2980,2975,2970,2965,2960,2955,2950,2935,2930,2915,3,555,500,7731,13771,8911,33,1000,1000,20,33524,16794,1,
197210,090334,1525910615.727638,2990,2995,3000,3005,3010,3015,3020,3035,3050,3060,212,474,737,7894,2185,1130,1000,32,3040,90,2980,2975,2970,2965,2960,2955,2950,2935,2930,2915,3,555,500,7731,13771,8911,33,1000,1000,1,33505,16794,1,
197210,090335,1525910617.092153,2990,2995,3000,3005,3010,3015,3020,3035,3050,3060,212,474,737,7894,2185,1130,1000,32,3040,90,2980,2975,2970,2965,2960,2955,2950,2935,2930,2915,3,555,8445,7731,13771,8911,33,1000,1000,1,41450,16794,1,
197210,090336,1525910617.5472436,2990,2995,3000,3005,3010,3015,3020,3035,3050,3060,212,474,737,7894,2185,1130,1000,32,3040,90,2980,2975,2970,2965,2960,2955,2950,2935,2930,2915,3,555,8445,7731,13771,8911,33,1000,1000,1,41450,16794,1,
197210,090336,1525910618.004744,2990,2995,3000,3005,3010,3015,3020,3035,3050,3060,212,474,737,7894,2185,1130,1000,32,3040,90,2980,2975,2970,2965,2960,2955,2950,2935,2930,2915,3,555,8445,7731,13771,8911,33,1000,1000,1,41450,16794,1,
197210,090337,1525910619.0113666,2990,2995,3000,3005,3010,3015,3020,3035,3050,3060,212,474,737,7894,2185,1130,1000,32,3040,90,2980,2975,2970,2965,2960,2955,2950,2935,2930,2915,3,555,8445,7731,13771,8911,33,1000,1000,1,41450,16794,1,
197210,090339,1525910620.7067323,2990,2995,3000,3005,3010,3015,3020,3035,3050,3060,245,474,737,7894,2185,1130,1000,32,3040,90,2980,2975,2970,2965,2960,2955,2950,2935,2930,2915,3,555,8445,7731,13771,8911,33,1000,1000,1,41450,16827,1,
197210,090340,1525910621.5617836,2990,2995,3000,3005,3010,3015,3020,3025,3035,3050,245,474,737,7894,2185,1130,1000,1,32,3040,2980,2975,2970,2965,2960,2955,2950,2935,2930,2915,3,555,8445,7731,13771,8911,33,1000,1000,1,41450,16738,1,
197210,090340,1525910622.0280578,2990,2995,3000,3005,3010,3015,3020,3025,3030,3035,245,474,737,7894,2185,1130,1000,1,1,32,2980,2975,2970,2965,2960,2955,2950,2935,2930,2915,3,555,8445,7731,13771,8911,33,1000,1000,1,41450,13699,1,
197210,090341,1525910622.5279744,2985,2990,2995,3000,3005,3010,3015,3020,3025,3030,100,245,474,737,7894,2085,1130,1000,1,33,2980,2975,2970,2965,2960,2955,2950,2935,2930,2915,3,555,8445,7731,13771,8911,33,1000,1000,1,41450,13699,1,
197210,090341,1525910622.9762425,2985,2990,2995,3000,3005,3010,3015,3020,3025,3030,100,245,474,737,7894,2085,1130,1000,33,1,2975,2970,2965,2960,2955,2950,2935,2930,2915,2910,404,8621,7731,13771,8911,33,1000,1000,1,1722,43194,13699,1,
197210,090342,1525910623.4577248,2985,2990,2995,3000,3005,3010,3015,3020,3025,3030,100,245,474,737,7894,2085,1130,1000,33,1,2980,2975,2970,2965,2960,2955,2950,2935,2930,2915,200,404,9121,7731,13771,8911,33,1000,1000,1,42172,13699,1,
197210,090342,1525910623.8862839,2985,2990,2995,3000,3005,3010,3015,3020,3025,3030,100,245,474,737,7894,2085,1130,1000,33,1,2980,2975,2970,2965,2960,2955,2950,2935,2930,2915,200,404,9140,7731,13771,8911,33,1000,1000,1,42191,13699,1,
197210,090345,1525910626.4299765,2985,2990,2995,3000,3005,3010,3015,3020,3025,3030,100,245,474,737,7894,2085,1130,1000,33,1,2980,2975,2970,2965,2960,2955,2950,2935,2930,2915,200,404,9140,7731,13771,8911,33,1000,1000,1,42191,13699,1,
197210,090345,1525910626.831549,2985,2990,2995,3000,3005,3010,3015,3020,3025,3030,100,245,474,737,7894,2085,1130,1000,33,1,2980,2975,2970,2965,2960,2955,2950,2935,2930,2915,701,404,9140,7731,13771,8911,33,1000,1000,1,42692,13699,1,
197210,090346,1525910627.8104293,2985,2990,2995,3000,3005,3010,3015,3025,3030,3050,100,245,474,1737,7894,2085,1130,33,1,3040,2980,2975,2970,2965,2960,2955,2950,2935,2930,2915,701,404,9140,7731,13771,8911,33,1000,1000,1,42692,16739,1,
197210,090347,1525910628.3863962,2985,2990,2995,3000,3005,3010,3015,3025,3030,3050,100,245,474,1737,7894,2085,1130,33,1,3040,2980,2975,2970,2965,2960,2955,2950,2935,2930,2915,701,404,9140,7731,13771,8911,33,1000,1000,3019,45710,16739,1,
197210,090348,1525910629.9078317,2985,2990,2995,3000,3005,3010,3015,3025,3030,3050,100,245,474,1737,7894,2085,1130,33,1,3040,2980,2975,2970,2965,2960,2955,2950,2935,2930,2915,701,404,9180,7731,13771,8911,33,1000,1000,3019,45750,16739,1,
197210,090349,1525910630.4183354,2985,2990,2995,3000,3005,3010,3015,3025,3030,3050,100,245,474,1737,7894,2085,1130,33,1,3040,2980,2975,2970,2965,2960,2955,2950,2935,2930,2915,651,404,9180,7731,13771,8911,33,1000,1000,3019,45700,16739,1,
197210,090350,1525910631.3920906,2985,2990,2995,3000,3005,3010,3015,3025,3030,3050,100,245,474,1737,7894,2085,1130,33,1,3040,2980,2975,2970,2965,2960,2955,2950,2940,2935,2930,651,404,9180,7731,13771,8911,33,400,1000,1000,43081,16739,1,
197210,090350,1525910631.9442508,2985,2990,2995,3000,3005,3010,3015,3025,3030,3050,100,245,474,1737,7894,2085,1130,33,1,3040,2980,2975,2970,2965,2960,2955,2950,2940,2935,2930,651,904,9180,7508,13771,8911,33,400,1000,1000,43358,16739,1,
197210,090351,1525910632.959966,2985,2990,2995,3000,3005,3010,3015,3025,3030,3050,100,260,474,1737,7894,2085,1130,33,1,3040,2980,2975,2970,2965,2960,2955,2950,2940,2935,2930,651,904,9180,7508,13771,8911,33,400,1000,1000,43358,16754,1,
197210,090352,1525910633.91974,2985,2990,2995,3000,3005,3010,3015,3025,3030,3050,100,260,474,1737,7894,2085,1130,33,1,3040,2980,2975,2970,2965,2960,2955,2950,2940,2935,2930,651,904,9180,7508,13774,8911,33,400,1000,1000,43361,16754,1,
197210,090353,1525910634.3835633,2985,2990,2995,3000,3005,3010,3015,3025,3030,3050,100,260,474,1737,7894,2085,1130,33,1,3040,2980,2975,2970,2965,2960,2955,2950,2940,2935,2930,801,904,9180,7508,13774,8911,33,400,1000,1000,43511,16754,1,
197210,090356,1525910637.268299,2985,2990,2995,3000,3005,3010,3015,3025,3030,3050,100,260,474,1737,7894,2085,1130,33,1,3040,2980,2975,2970,2965,2960,2955,2950,2940,2935,2930,801,904,9180,7508,13774,8911,33,400,1000,1000,43511,16754,1,
197210,090356,1525910637.7589755,2985,2990,2995,3000,3005,3010,3015,3025,3030,3050,100,260,474,1737,7894,2085,1130,33,1,3040,2980,2975,2970,2965,2960,2955,2950,2940,2935,2930,801,904,9314,7508,13774,8911,33,400,1000,1000,43645,16754,1,
197210,090357,1525910638.3318017,2985,2990,2995,3000,3005,3010,3015,3025,3030,3050,100,260,474,1737,7894,2085,1130,33,1,3040,2980,2975,2970,2965,2960,2955,2950,2940,2935,2930,851,904,9314,7508,13774,8911,33,400,1000,1000,43695,16754,1,
197210,090358,1525910639.3524096,2985,2990,2995,3000,3005,3010,3015,3025,3030,3050,100,260,474,1737,7894,2085,1130,33,1,3040,2980,2975,2970,2965,2960,2955,2950,2940,2935,2930,851,904,9314,7508,13774,8911,33,400,1000,1000,43695,16754,1,
197210,090358,1525910639.8520634,2985,2990,2995,3000,3005,3010,3015,3025,3030,3050,100,310,474,1737,7894,2085,1130,33,1,3040,2980,2975,2970,2965,2960,2955,2950,2940,2935,2930,851,904,9314,7508,13774,8911,33,400,1000,1000,43695,16804,1,
197210,090400,1525910641.2141118,2985,2990,2995,3000,3005,3010,3015,3025,3030,3050,100,310,474,1737,7894,2085,1130,33,1,3040,2980,2975,2970,2965,2960,2955,2950,2940,2935,2930,851,904,9295,7508,13774,8911,33,400,1000,1000,43676,16804,1,
197210,090400,1525910641.6069546,2985,2990,2995,3000,3005,3010,3015,3025,3030,3050,100,310,474,1737,7894,2085,1130,33,1,3040,2980,2975,2970,2965,2960,2955,2950,2940,2935,2930,851,904,9295,7508,13774,8911,33,400,1000,1000,43676,16804,1,
197210,090401,1525910642.446766,2985,2990,2995,3000,3005,3010,3015,3025,3030,3050,100,310,474,1737,7894,2085,1130,33,1,3040,2980,2975,2970,2965,2960,2955,2950,2940,2935,2930,851,904,9295,7508,13774,8911,33,400,1000,1000,43676,16804,1,
197210,090401,1525910642.9375265,2985,2990,2995,3000,3005,3010,3015,3025,3030,3050,100,310,474,1737,7894,2085,1130,33,1,3040,2980,2975,2970,2965,2960,2955,2950,2940,2935,2930,246,904,9295,7508,13774,8911,33,400,1000,1000,43071,16804,1,
197210,090403,1525910644.523337,2985,2990,2995,3000,3005,3010,3015,3025,3030,3050,100,310,474,1737,7894,2085,1130,33,1,3040,2980,2975,2970,2965,2960,2955,2950,2940,2935,2930,246,904,9295,7508,14074,8911,33,400,1000,1000,43371,16804,1,
197210,090403,1525910645.023031,2985,2990,2995,3000,3005,3010,3015,3025,3030,3050,100,310,474,1737,7894,2085,1130,33,1,3040,2980,2975,2970,2965,2960,2955,2950,2940,2935,2930,146,1704,9295,6708,14074,8911,33,400,1000,1000,43271,16804,1,
197210,090404,1525910645.541915,2980,2985,2990,2995,3000,3005,3010,3015,3025,3030,54,100,310,474,1737,7894,2085,1130,33,1,2975,2970,2965,2960,2955,2950,2940,2935,2930,2915,1704,9295,6708,14074,8911,33,400,1000,1000,3019,46144,13818,1,
197210,090404,1525910645.984733,2985,2990,2995,3000,3005,3010,3015,3025,3030,3050,100,310,558,1737,7810,2085,1130,33,1,3040,2975,2970,2965,2960,2955,2950,2940,2935,2930,2915,1704,9295,6708,14074,8911,33,400,1000,1000,3019,46144,16804,1,
197210,090405,1525910646.4964266,2985,2990,2995,3000,3005,3010,3015,3025,3030,3050,100,310,558,1737,7810,2085,1130,33,1,3040,2975,2970,2965,2960,2955,2950,2940,2935,2930,2915,1704,12295,6708,14074,8911,33,400,1000,1000,3019,49144,16804,1,
197210,090405,1525910646.8956783,2990,2995,3000,3005,3010,3015,3025,3030,3050,3060,310,558,1737,7810,2085,1130,33,1,3040,90,2985,2980,2975,2970,2965,2960,2955,2950,2940,2935,108,100,1704,12295,6708,14074,8911,33,400,1000,45333,16794,1,
197210,090406,1525910647.289497,2990,2995,3000,3005,3010,3015,3025,3030,3050,3060,310,558,1737,7810,2085,1130,33,1,3040,90,2985,2980,2975,2970,2965,2960,2955,2950,2940,2935,108,148,1704,12295,6708,14074,8911,33,400,1000,45381,16794,1,
197210,090407,1525910648.6445377,2990,2995,3000,3005,3010,3015,3025,3030,3050,3060,310,558,4737,7810,2085,1130,33,1,3040,90,2985,2980,2975,2970,2965,2960,2955,2950,2940,2935,108,148,1704,12295,6708,14074,8911,33,400,1000,45381,19794,1,
197210,090407,1525910649.1133752,2990,2995,3000,3005,3010,3015,3025,3030,3050,3060,210,558,4737,7994,2085,978,1,1,3040,90,2985,2980,2975,2970,2965,2960,2955,2950,2940,2935,108,148,1704,12295,6708,14074,8911,33,400,1000,45381,19694,1,
197210,090408,1525910649.5653756,2990,2995,3000,3005,3010,3015,3025,3030,3050,3060,210,558,4737,7994,2085,978,1,1,3040,90,2985,2980,2975,2970,2965,2960,2955,2950,2940,2935,1108,348,1704,12295,6708,14074,8911,33,400,1000,46581,19694,1,
197210,090409,1525910651.0982573,2990,2995,3000,3005,3010,3015,3025,3030,3050,3060,210,558,4737,7994,2085,978,1,1,3040,90,2985,2980,2975,2970,2965,2960,2955,2950,2940,2935,1108,348,1704,12296,6708,14074,8911,33,400,1000,46582,19694,1,
197210,090411,1525910652.336275,2990,2995,3000,3005,3010,3015,3025,3030,3050,3060,210,558,4737,184,2085,978,1,1,3040,90,2985,2980,2975,2970,2965,2960,2955,2950,2940,2935,1108,348,1704,12296,6708,14074,8911,123,400,1000,46672,11884,1,
197210,090412,1525910653.1978135,2990,2995,3000,3005,3010,3015,3025,3030,3050,3060,210,558,4737,184,2085,978,1,1,3040,90,2985,2980,2975,2970,2965,2960,2955,2950,2940,2935,764,348,1704,4351,6708,14074,8911,123,400,1000,38383,11884,1,
197210,090412,1525910653.6364548,2990,2995,3000,3005,3010,3015,3025,3030,3050,3060,210,558,4737,184,2085,978,1,1,3040,90,2985,2980,2975,2970,2965,2960,2955,2950,2940,2935,764,348,1704,4351,7709,14074,8911,123,400,1000,39384,11884,1,
197210,090412,1525910654.1460602,2990,2995,3000,3005,3010,3015,3025,3030,3050,3060,200,558,4737,184,2085,978,1,1,3040,90,2985,2980,2975,2970,2965,2960,2955,2950,2940,2935,764,348,1704,4351,7709,14074,8911,123,400,1000,39384,11874,1,
197210,090413,1525910654.6628778,2990,2995,3000,3005,3010,3015,3025,3030,3050,3060,167,558,4737,184,2085,978,1,1,3040,90,2985,2980,2975,2970,2965,2960,2955,2950,2940,2935,764,348,1704,4351,7709,14074,8911,123,400,1000,39384,11841,1,
197210,090413,1525910655.1084712,2990,2995,3000,3005,3010,3015,3025,3030,3050,3060,67,558,4737,184,2085,978,1,1,3040,90,2985,2980,2975,2970,2965,2960,2955,2950,2940,2935,764,348,1704,4351,7709,14074,8911,123,400,1000,39384,11741,1,
197210,090414,1525910655.5602105,2985,2990,2995,3000,3005,3010,3015,3025,3030,3050,236,67,558,3737,184,2085,978,1,1,3040,2980,2975,2970,2965,2960,2955,2950,2940,2935,2930,348,1704,4351,7709,14074,8911,123,400,1000,900,39520,10887,1,
197210,090417,1525910658.33299,2985,2990,2995,3000,3005,3010,3015,3025,3030,3050,36,67,558,3737,184,2085,978,1,1,3040,2980,2975,2970,2965,2960,2955,2950,2940,2935,2930,148,1704,4351,7709,14074,8911,123,400,1000,900,39320,10687,1,
197210,090418,1525910659.1843274,2990,2995,3000,3005,3010,3015,3025,3030,3050,3060,67,558,3737,184,2085,978,1,1,3040,90,2985,2980,2975,2970,2965,2960,2955,2950,2940,2935,302,148,1704,4351,7709,14074,8911,123,400,1000,38722,10741,1,
197210,090418,1525910659.6885762,2990,2995,3000,3005,3010,3015,3025,3030,3050,3060,67,558,3737,184,2085,978,1,1,3040,90,2985,2980,2975,2970,2965,2960,2955,2950,2940,2935,302,348,1704,4351,7709,14074,8911,123,400,1000,38922,10741,1,
197210,090420,1525910661.2290642,2990,2995,3000,3005,3010,3015,3025,3030,3050,3060,67,558,3737,184,2085,978,1,1,3040,90,2975,2970,2965,2960,2955,2950,2940,2935,2930,2915,1354,4351,7709,14074,8911,123,400,1000,900,3019,41841,10741,1,
197210,090420,1525910661.6388628,2985,2990,2995,3000,3005,3010,3015,3025,3030,3050,1000,67,558,3737,184,2085,978,1,1,3040,2975,2970,2965,2960,2955,2950,2940,2935,2930,2915,1354,4351,7709,14074,8911,123,400,1000,900,3019,41841,11651,1,
197210,090421,1525910662.5341327,2985,2990,2995,3000,3005,3010,3015,3025,3030,3050,1000,67,558,3737,184,2085,978,1,1,3040,2975,2970,2965,2960,2955,2950,2940,2935,2930,2915,1479,4351,7709,14074,8911,123,400,1000,900,3019,41966,11651,1,
197210,090422,1525910664.1209412,2985,2990,2995,3000,3005,3010,3015,3025,3030,3050,1000,67,558,3737,184,2085,978,1,1,3040,2975,2970,2965,2960,2955,2950,2940,2935,2930,2915,1479,4351,7709,14074,8911,123,400,1000,900,3022,41969,11651,1,
197210,090424,1525910665.6043384,2985,2990,2995,3000,3005,3010,3015,3025,3030,3050,1000,67,558,3737,184,2085,978,1,1,3040,2975,2970,2965,2960,2955,2950,2940,2935,2930,2915,2479,4351,7709,14074,8911,123,400,1000,900,3022,42969,11651,1,
197210,090424,1525910666.1452327,2985,2990,2995,3000,3005,3010,3015,3025,3030,3050,1000,67,558,3737,184,2085,978,1,1,3040,2975,2970,2965,2960,2955,2950,2940,2935,2930,2915,2464,4351,7709,14074,8911,123,400,1000,900,3022,42954,11651,1,
197210,090425,1525910666.6045728,2985,2990,2995,3000,3005,3010,3015,3025,3030,3050,1000,67,558,3737,184,2085,978,1,1,3040,2975,2970,2965,2960,2955,2950,2940,2935,2930,2915,2431,4351,7709,14074,8911,123,400,1000,900,3022,42921,11651,1,
197210,090426,1525910667.6173975,2985,2990,2995,3000,3005,3010,3015,3025,3030,3050,1000,67,558,3737,184,2085,978,1,1,3040,2975,2970,2965,2960,2955,2950,2940,2935,2930,2915,2431,4351,7709,14074,8911,123,400,1000,900,3022,42921,11651,1,
197210,090426,1525910668.0752609,2985,2990,2995,3000,3005,3010,3015,3025,3030,3050,1000,67,558,3737,184,2085,978,1,1,3040,2975,2970,2965,2960,2955,2950,2940,2935,2930,2915,2431,4351,7709,14074,8911,123,400,1000,900,3022,42921,11651,1,
197210,090427,1525910668.5901039,2985,2990,2995,3000,3005,3010,3015,3025,3030,3050,1000,67,558,3737,184,2085,978,1,1,3040,2975,2970,2965,2960,2955,2950,2940,2935,2930,2915,2531,4351,7709,14074,8911,123,400,1000,900,3022,43021,11651,1,
197210,090428,1525910669.612396,2985,2990,2995,3000,3005,3010,3015,3025,3030,3050,1000,67,558,3737,184,2085,978,1,1,3040,2975,2970,2965,2960,2955,2950,2940,2935,2930,2915,3531,4351,7709,14074,8911,123,400,1000,900,3022,44021,11651,1,
197210,090429,1525910670.5710468,2985,2990,2995,3000,3005,3010,3015,3025,3030,3050,1000,67,558,3737,184,2035,978,1,1,3040,2975,2970,2965,2960,2955,2950,2940,2935,2930,2915,3531,4351,7709,14074,8911,123,400,1000,900,3022,44021,11601,1,
197210,090430,1525910671.4946036,2985,2990,2995,3000,3005,3010,3015,3025,3030,3050,1000,67,558,3737,184,2035,978,1,1,3040,2975,2970,2965,2960,2955,2950,2940,2935,2930,2915,3531,4351,6709,14074,8911,123,400,1000,900,3022,43021,11601,1,
197210,090431,1525910672.3890488,2985,2990,2995,3000,3005,3010,3015,3025,3030,3050,1000,67,558,3737,184,2035,978,1,1,3040,2975,2970,2965,2960,2955,2950,2940,2935,2930,2915,2531,4351,6709,14074,8911,123,400,1000,900,3022,42021,11601,1,
197210,090432,1525910673.3471928,2985,2990,2995,3000,3005,3010,3015,3025,3030,3050,1000,67,558,3737,184,2035,978,1,1,3040,2975,2970,2965,2960,2955,2950,2940,2935,2930,2915,2888,4351,6709,14074,8911,123,400,1000,900,3022,42378,11601,1,
197210,090433,1525910674.650254,2985,2990,2995,3000,3005,3010,3015,3025,3030,3050,1000,67,558,3737,184,2035,978,1,1,3040,2980,2975,2970,2965,2960,2955,2950,2940,2935,2930,20,2888,4351,6709,14074,8911,123,400,1000,900,39376,11601,1,
197210,090433,1525910675.1059978,2985,2990,2995,3000,3005,3010,3015,3025,3030,3050,1000,67,558,3737,184,2035,978,1,1,3040,2980,2975,2970,2965,2960,2955,2950,2940,2935,2930,20,2888,4401,6709,14074,8911,123,400,1000,900,39426,11601,1,
197210,090434,1525910675.548207,2985,2990,2995,3000,3005,3010,3015,3025,3030,3050,1000,67,558,3737,184,2035,978,1,1,3040,2980,2975,2970,2965,2960,2955,2950,2940,2930,2915,20,2888,4401,6709,14074,8911,123,400,900,3022,41448,11601,1,
197210,090434,1525910676.016487,2985,2990,2995,3000,3005,3010,3015,3025,3030,3050,1000,67,558,3737,184,2035,978,1,1,3040,2980,2975,2970,2965,2960,2955,2950,2940,2930,2915,10,2888,4401,6709,14074,8911,123,400,900,3022,41438,11601,1,
197210,090436,1525910677.883142,2985,2990,2995,3000,3005,3010,3015,3025,3030,3050,1000,67,558,3737,184,2035,978,1,1,3040,2980,2975,2970,2965,2960,2955,2950,2940,2930,2915,10,2888,4401,4009,14074,8911,123,400,900,3022,38738,11601,1,
197210,090437,1525910678.3830092,2985,2990,2995,3000,3005,3010,3015,3025,3030,3050,1000,67,558,3737,184,2035,978,1,1,3040,2980,2975,2970,2965,2960,2955,2950,2940,2930,2915,10,2888,5401,4009,14074,8911,123,400,900,3022,39738,11601,1,
197210,090438,1525910679.7490356,2985,2990,2995,3000,3005,3010,3015,3025,3030,3050,1000,67,558,3737,184,2035,978,1,1,3040,2980,2975,2970,2965,2960,2955,2950,2940,2930,2915,10,2888,5401,4009,14074,8911,123,400,900,3022,39738,11601,1,
197210,090439,1525910680.7059712,2985,2990,2995,3000,3005,3010,3015,3025,3030,3050,1000,67,558,3737,184,2035,978,1,1,3040,2980,2975,2970,2965,2960,2955,2950,2940,2930,2915,212,2888,5401,4009,14074,8911,123,400,900,3022,39940,11601,1,
197210,090440,1525910681.5933952,2985,2990,2995,3000,3005,3010,3015,3025,3030,3050,1000,67,558,3737,184,2035,978,1,1,3040,2980,2975,2970,2965,2960,2955,2950,2940,2930,2915,712,2888,5401,4009,14074,8911,123,400,900,3022,40440,11601,1,
197210,090441,1525910682.8382967,2985,2990,2995,3000,3005,3010,3015,3025,3030,3050,1000,67,558,3737,184,2035,978,1,1,3040,2980,2975,2970,2965,2960,2955,2950,2940,2930,2915,662,3888,5401,4009,14074,8911,123,400,900,3022,41390,11601,1,
197210,090442,1525910683.2378895,2985,2990,2995,3000,3005,3010,3015,3025,3030,3050,1000,67,558,3737,184,2035,978,1,1,3040,2980,2975,2970,2965,2960,2955,2950,2940,2930,2915,662,3888,5401,4009,14074,8911,123,400,900,3022,41390,11601,1,
197210,090442,1525910683.6866434,2985,2990,2995,3000,3005,3010,3015,3025,3030,3050,1000,1067,558,3737,184,2035,978,1,1,3040,2980,2975,2970,2965,2960,2955,2950,2940,2930,2915,662,3888,5401,4009,14074,8911,123,400,900,3022,41390,12601,1,
197210,090443,1525910684.1921,2985,2990,2995,3000,3005,3010,3015,3025,3030,3050,1000,1067,558,3737,184,2035,978,1,1,3000,2980,2975,2970,2965,2960,2955,2950,2940,2930,2915,662,3888,5401,4009,14074,8911,123,400,900,3022,41390,12561,1,
197210,090443,1525910684.648793,2985,2990,2995,3000,3005,3010,3015,3025,3030,3050,1000,1067,558,3737,184,2035,978,1,1,3000,2980,2975,2970,2965,2960,2955,2950,2940,2930,2915,695,3888,5401,4009,14074,8911,123,400,900,3022,41423,12561,1,
197210,090445,1525910686.6965814,2985,2990,2995,3000,3005,3010,3015,3025,3030,3050,1000,1067,558,3737,184,2035,978,1,1,3000,2980,2975,2970,2965,2960,2955,2950,2940,2930,2915,695,3938,5401,4009,14074,8911,123,400,900,3022,41473,12561,1,
197210,090445,1525910687.1448333,2985,2990,2995,3000,3005,3010,3015,3025,3030,3050,1000,1067,558,3737,184,2035,978,1,1,3000,2980,2975,2970,2965,2960,2955,2950,2940,2930,2915,795,3938,5401,4009,14074,8911,123,400,900,3022,41573,12561,1,
197210,090448,1525910689.4072487,2985,2990,2995,3000,3005,3010,3015,3025,3030,3050,1000,1067,558,3737,184,2035,978,1,1,3000,2980,2975,2970,2965,2960,2955,2950,2940,2930,2915,795,4438,5401,4009,14074,8911,123,400,900,3022,42073,12561,1,
197210,090448,1525910689.8643649,2985,2990,2995,3000,3005,3010,3015,3025,3030,3050,1000,1067,558,3737,184,2035,978,1,1,3000,2980,2975,2970,2965,2960,2955,2950,2940,2930,2915,795,4438,5451,4009,14074,8911,123,400,900,3022,42123,12561,1,
197210,090450,1525910691.3311145,2985,2990,2995,3000,3005,3010,3015,3025,3030,3050,1000,1067,558,3737,184,2035,978,1,1,3000,2980,2975,2970,2965,2960,2955,2950,2940,2930,2915,795,4438,5451,4009,14074,8911,123,400,900,3022,42123,12561,1,
197210,090450,1525910692.0731149,2985,2990,2995,3000,3005,3010,3015,3025,3030,3050,1000,1065,558,3737,184,2035,978,1,1,3000,2980,2975,2970,2965,2960,2955,2950,2940,2930,2915,795,4438,5451,4009,14074,8911,123,400,900,3022,42123,12559,1,
197210,090451,1525910692.5166314,2985,2990,2995,3000,3005,3010,3015,3050,3060,3065,1000,1065,558,3737,184,2035,978,3000,90,995,2980,2975,2970,2965,2960,2955,2950,2940,2930,2915,795,4438,5451,4009,14074,8911,123,400,900,3022,42123,13642,1,
197210,090452,1525910693.2512524,2985,2990,2995,3000,3005,3010,3015,3050,3060,3065,1000,1065,558,3737,184,2035,978,3000,90,995,2980,2975,2970,2965,2960,2955,2950,2940,2930,2915,790,4438,5451,4009,14074,8911,123,400,900,3022,42118,13642,1,
197210,090453,1525910694.9647367,2985,2990,2995,3000,3005,3010,3015,3050,3060,3065,1000,1065,558,3737,184,2035,978,3000,90,995,2980,2975,2970,2965,2960,2955,2950,2940,2930,2915,790,4438,5451,4009,14074,8911,123,400,900,3022,42118,13642,1,
197210,090454,1525910695.8661606,2985,2990,2995,3000,3005,3010,3015,3050,3060,3065,1000,1065,558,3737,184,2035,978,3000,90,995,2980,2975,2970,2965,2960,2955,2950,2940,2930,2915,312,4438,5451,4009,14074,8911,123,400,900,3022,41640,13642,1,
197210,090455,1525910696.657268,2985,2990,2995,3000,3005,3010,3015,3050,3060,3065,1000,1065,558,3737,184,2035,978,3000,90,995,2980,2975,2970,2965,2960,2955,2950,2940,2930,2915,312,4438,5451,4009,13939,8911,123,400,900,3022,41505,13642,1,
197210,090455,1525910697.0378194,2985,2990,2995,3000,3005,3010,3015,3050,3060,3065,1000,1065,558,3737,184,2035,978,3000,90,995,2980,2975,2970,2965,2960,2955,2950,2940,2930,2915,312,4438,5451,4009,13939,8911,123,400,900,3022,41505,13642,1,
197210,090456,1525910697.7623153,2985,2990,2995,3000,3005,3010,3015,3050,3060,3065,900,1065,558,3737,184,2035,978,3000,90,995,2980,2975,2970,2965,2960,2955,2950,2940,2930,2915,312,4438,5451,4009,13939,8911,123,400,800,3022,41405,13542,1,
197210,090458,1525910699.4716492,2985,2990,2995,3000,3005,3010,3015,3050,3060,3065,900,1065,558,4739,184,2035,978,3000,90,995,2980,2975,2970,2965,2960,2955,2950,2940,2930,2915,312,4438,5451,4009,13939,8911,123,400,800,3022,41405,14544,1,
197210,090459,1525910700.3284416,2985,2990,2995,3000,3005,3010,3015,3050,3060,3065,900,1065,558,4739,184,2035,978,3000,90,995,2980,2975,2970,2965,2960,2955,2950,2940,2930,2915,313,4438,5451,4009,13939,8911,123,400,800,3022,41406,14544,1,
197210,090500,1525910701.1714134,2985,2990,2995,3000,3005,3010,3015,3050,3060,3065,900,1065,558,4739,184,2035,978,3000,90,995,2980,2975,2970,2965,2960,2955,2950,2940,2930,2915,313,4438,5451,4009,13939,8911,123,400,800,3022,41406,14544,1,
197210,090500,1525910701.690262,2985,2990,2995,3000,3005,3010,3015,3050,3060,3065,900,1065,558,4739,184,2035,978,3000,90,995,2980,2975,2970,2965,2960,2955,2950,2940,2930,2915,313,4438,5451,4009,13939,8911,123,400,800,3022,41406,14544,1,
197210,090502,1525910703.6685066,2985,2990,2995,3000,3005,3010,3015,3050,3060,3065,900,1065,558,4739,184,2035,978,3000,90,995,2980,2975,2970,2965,2960,2955,2950,2940,2930,2915,313,4438,6451,4009,13939,8911,123,400,800,3022,42406,14544,1,
197210,090503,1525910704.6821792,2985,2990,2995,3000,3005,3010,3015,3050,3060,3065,2056,1065,558,4739,184,2035,978,3000,90,995,2980,2975,2970,2965,2960,2955,2950,2940,2930,2915,313,4438,6451,4009,13939,8911,123,400,800,3022,42406,15700,1,
197210,090503,1525910705.0853827,2985,2990,2995,3000,3005,3010,3015,3050,3060,3065,2055,1065,558,4739,184,2035,978,3000,90,995,2980,2975,2970,2965,2960,2955,2950,2940,2930,2915,313,4438,6451,4009,13939,8911,123,400,800,3022,42406,15699,1,
197210,090506,1525910707.462512,2985,2990,2995,3000,3005,3010,3015,3050,3060,3065,2025,1065,558,4739,184,2035,978,3000,90,995,2980,2975,2970,2965,2960,2955,2950,2940,2930,2915,283,4438,6451,4009,14039,8911,123,400,800,3022,42476,15669,1,
197210,090507,1525910708.3014703,2985,2990,2995,3000,3005,3010,3015,3050,3060,3065,2025,1065,558,4739,184,2035,978,3000,90,995,2980,2975,2970,2965,2960,2955,2950,2940,2930,2915,283,4438,6451,4009,14039,8911,123,400,800,3022,42476,15669,1,
197210,090507,1525910709.149576,2985,2990,2995,3000,3005,3010,3015,3050,3060,3065,356,1065,558,4739,184,2035,978,3000,90,995,2980,2975,2970,2965,2960,2955,2950,2940,2930,2915,283,4438,6451,4009,14039,8911,123,400,800,3022,42476,14000,1,
197210,090511,1525910712.3258774,2985,2990,2995,3000,3005,3010,3015,3050,3060,3065,356,1065,558,4739,184,2035,978,3000,90,995,2980,2975,2970,2965,2960,2955,2950,2940,2930,2915,283,4438,6451,4009,14039,8661,123,400,800,3022,42226,14000,1,
197210,090512,1525910713.2767744,2985,2990,2995,3000,3005,3010,3015,3050,3060,3065,356,1065,558,4739,184,2035,978,3000,90,995,2980,2975,2970,2965,2960,2955,2950,2940,2930,2915,283,4438,6451,4009,14039,8661,123,400,800,3022,42226,14000,1,
197210,090512,1525910714.1224115,2985,2990,2995,3000,3005,3010,3015,3050,3060,3065,356,1065,558,4739,184,2035,978,3000,90,995,2980,2975,2970,2965,2960,2955,2950,2940,2930,2920,283,4438,6451,4009,14039,8661,123,400,500,300,39204,14000,1,
197210,090514,1525910715.3237503,2980,2985,2990,2995,3000,3005,3010,3015,3050,3060,217,356,1065,558,4739,184,2035,978,3000,90,2975,2970,2965,2960,2955,2950,2940,2930,2920,2915,4438,6451,4009,14039,8661,123,400,500,300,3022,41943,13222,1,
197210,090516,1525910717.2499485,2980,2985,2990,2995,3000,3005,3010,3015,3030,3050,217,356,1065,558,4739,184,2035,978,2000,1000,2975,2970,2965,2960,2955,2950,2940,2930,2920,2915,4438,6451,4009,14039,8661,123,400,500,300,3022,41943,13132,1,
197210,090519,1525910720.2832623,2980,2985,2990,2995,3000,3005,3010,3015,3030,3050,217,371,1050,558,4739,184,2035,978,2000,1000,2975,2970,2965,2960,2955,2950,2940,2930,2920,2915,4438,6451,4009,14039,8661,123,400,500,300,3022,41943,13132,1,
197210,090519,1525910720.904048,2980,2985,2990,2995,3000,3005,3010,3015,3030,3050,217,371,1050,558,4739,184,2035,978,2000,1000,2975,2970,2965,2960,2955,2950,2940,2930,2920,2915,4438,6451,4009,14039,8560,123,400,500,300,3022,41842,13132,1,
197210,090523,1525910724.404384,2980,2985,2990,2995,3000,3005,3010,3015,3030,3050,217,371,1050,558,4739,184,2035,978,2000,1000,2975,2970,2965,2960,2955,2950,2940,2930,2920,2915,4438,6451,4009,14039,8560,123,400,500,300,3022,41842,13132,1,
197210,090524,1525910726.026379,2980,2985,2990,2995,3000,3005,3010,3015,3030,3050,322,371,1050,558,4739,184,2035,978,2000,1000,2975,2970,2965,2960,2955,2950,2940,2930,2920,2915,4438,6451,4009,14039,8560,123,400,500,300,3022,41842,13237,1,
197210,090526,1525910727.3355749,2985,2990,2995,3000,3005,3010,3015,3030,3050,3060,371,1050,558,4739,184,2035,978,2000,1000,90,2980,2975,2970,2965,2960,2955,2950,2940,2930,2920,217,4438,6451,4009,14039,8560,123,400,500,300,39037,13005,1,
197210,090527,1525910728.1207814,2985,2990,2995,3000,3005,3010,3015,3030,3050,3060,371,1050,558,4739,184,2035,978,2000,1000,90,2980,2975,2970,2965,2960,2955,2950,2940,2930,2920,317,4438,6451,4009,14039,8560,123,400,500,300,39137,13005,1,
197210,090527,1525910728.9863925,2985,2990,2995,3000,3005,3010,3015,3030,3050,3060,371,1050,558,4739,184,2035,978,2000,1000,90,2980,2975,2970,2965,2960,2955,2950,2940,2930,2920,417,4438,6451,4009,14039,8560,123,400,500,300,39237,13005,1,
197210,090531,1525910732.2473328,2985,2990,2995,3000,3005,3010,3015,3030,3050,3060,371,1050,558,4739,184,2035,978,2000,1000,90,2980,2975,2970,2965,2960,2955,2950,2940,2930,2920,357,4438,6451,4009,14039,8560,123,400,500,300,39177,13005,1,
197210,090532,1525910733.2687411,2985,2990,2995,3000,3005,3010,3015,3030,3050,3060,371,1050,558,4739,184,2035,978,2000,1000,90,2980,2975,2970,2965,2960,2955,2950,2940,2930,2920,714,4081,6451,4009,14039,8560,123,400,500,300,39177,13005,1,
197210,090532,1525910733.779188,2990,2995,3000,3005,3010,3015,3030,3050,3060,3065,421,558,4739,184,2035,978,2000,1000,90,995,2980,2975,2970,2965,2960,2955,2950,2940,2930,2920,714,4081,6451,4009,14039,8560,123,400,500,300,39177,13000,1,
197210,090536,1525910737.726345,2990,2995,3000,3005,3010,3015,3030,3050,3060,3065,421,558,4739,184,2035,978,2000,1000,90,995,2980,2975,2970,2965,2960,2955,2950,2940,2930,2920,1131,4081,6451,4009,14039,8560,123,400,500,300,39594,13000,1,
197210,090537,1525910738.3106308,2990,2995,3000,3005,3010,3015,3030,3050,3060,3065,421,558,4739,184,2035,978,2000,1000,90,995,2980,2975,2970,2965,2960,2955,2950,2940,2930,2920,974,4081,6451,4009,14039,8560,123,400,500,300,39437,13000,1,
197210,090537,1525910738.8646789,2990,2995,3000,3005,3010,3015,3030,3050,3060,3065,421,558,4739,184,2035,978,2000,1000,90,995,2980,2975,2970,2965,2960,2955,2950,2940,2930,2920,974,4081,6451,4009,14039,8560,123,400,500,300,39437,13000,1,
197210,090540,1525910741.7990122,2990,2995,3000,3005,3010,3015,3030,3050,3060,3065,421,558,4296,184,2035,978,2000,1000,90,995,2980,2975,2970,2965,2960,2955,2950,2940,2930,2920,974,3981,6451,4009,14207,8560,123,400,500,300,39505,12557,1,
197210,090541,1525910742.3432024,2990,2995,3000,3005,3010,3015,3030,3050,3060,3065,381,558,4296,184,2035,978,2000,1000,90,995,2980,2975,2970,2965,2960,2955,2950,2940,2930,2920,974,3981,6451,4009,14207,8560,123,400,500,300,39505,12517,1,
197210,090542,1525910743.3255394,2990,2995,3000,3005,3010,3015,3030,3050,3060,3065,431,558,4296,184,2035,978,2000,1000,90,995,2980,2975,2970,2965,2960,2955,2950,2940,2930,2920,974,3981,6451,4009,14207,8560,123,400,500,300,39505,12567,1,
197210,090543,1525910744.7621949,2990,2995,3000,3005,3010,3015,3030,3050,3060,3065,431,558,4296,184,2035,978,2000,1000,90,995,2980,2975,2970,2965,2960,2955,2950,2940,2930,2920,10679,3981,6451,4009,14207,8560,123,400,500,300,49210,12567,1,
197210,090545,1525910746.2273726,2990,2995,3000,3005,3010,3015,3030,3050,3060,3065,431,558,4296,184,2035,978,2000,1000,90,995,2980,2975,2970,2965,2960,2955,2950,2940,2930,2920,10679,3981,6451,4009,14207,8560,123,400,500,300,49210,12567,1,
197210,090546,1525910747.524668,2990,2995,3000,3005,3010,3015,3030,3045,3050,3060,431,558,4296,184,2035,978,2000,252,1000,90,2980,2975,2970,2965,2960,2955,2950,2940,2930,2920,10679,3981,6451,4009,14207,8560,123,400,500,300,49210,11824,1,
