004140,083015,1525908616.5439374,2055,2095,2100,0,0,0,0,0,0,0,16,15,800,0,0,0,0,0,0,0,2035,2015,2005,0,0,0,0,0,0,0,4896,12,1010,0,0,0,0,0,0,0,0,0,3,
004140,083022,1525908623.6257463,2055,2095,2100,0,0,0,0,0,0,0,16,15,800,0,0,0,0,0,0,0,2035,2015,2005,0,0,0,0,0,0,0,4896,12,1010,0,0,0,0,0,0,0,0,0,3,
004140,083056,1525908658.0310173,2055,2095,2100,0,0,0,0,0,0,0,16,15,800,0,0,0,0,0,0,0,2035,2015,2005,0,0,0,0,0,0,0,4896,12,1010,0,0,0,0,0,0,0,0,0,3,
004140,083112,1525908674.0050907,2055,2095,2100,0,0,0,0,0,0,0,16,15,800,0,0,0,0,0,0,0,2035,2015,2005,0,0,0,0,0,0,0,4396,12,1010,0,0,0,0,0,0,0,0,0,3,
004140,083128,1525908689.988834,2055,2090,2095,0,0,0,0,0,0,0,16,22,15,0,0,0,0,0,0,0,2035,2015,2005,0,0,0,0,0,0,0,4396,12,1010,0,0,0,0,0,0,0,0,0,3,
004140,083141,1525908702.7236357,2055,2090,2095,0,0,0,0,0,0,0,16,25,15,0,0,0,0,0,0,0,2035,2015,2005,0,0,0,0,0,0,0,4396,12,1010,0,0,0,0,0,0,0,0,0,3,
004140,083225,1525908747.0413442,2055,2090,2095,0,0,0,0,0,0,0,16,25,15,0,0,0,0,0,0,0,2035,2015,2005,0,0,0,0,0,0,0,4396,12,1010,0,0,0,0,0,0,0,0,0,3,
004140,083236,1525908758.0163078,2055,2090,2095,0,0,0,0,0,0,0,16,25,15,0,0,0,0,0,0,0,2035,2015,2005,0,0,0,0,0,0,0,4396,12,1510,0,0,0,0,0,0,0,0,0,3,
004140,083310,1525908791.6528466,2055,2090,2095,0,0,0,0,0,0,0,16,25,15,0,0,0,0,0,0,0,2035,2015,2005,0,0,0,0,0,0,0,4396,12,1510,0,0,0,0,0,0,0,0,0,3,
004140,083310,1525908792.026914,2055,2090,2095,0,0,0,0,0,0,0,16,25,15,0,0,0,0,0,0,0,2035,2015,2005,0,0,0,0,0,0,0,4396,12,1510,0,0,0,0,0,0,0,0,0,3,
004140,083311,1525908792.400143,2055,2090,2095,0,0,0,0,0,0,0,16,25,15,0,0,0,0,0,0,0,2035,2015,2005,0,0,0,0,0,0,0,4396,12,1510,0,0,0,0,0,0,0,0,0,3,
004140,083311,1525908792.72008,2055,2090,2095,0,0,0,0,0,0,0,16,25,15,0,0,0,0,0,0,0,2035,2015,2005,0,0,0,0,0,0,0,4396,12,1510,0,0,0,0,0,0,0,0,0,3,
004140,083420,1525908861.3792953,2055,2090,2095,0,0,0,0,0,0,0,16,25,15,0,0,0,0,0,0,0,2035,2015,2005,0,0,0,0,0,0,0,4396,12,1510,0,0,0,0,0,0,0,0,0,3,
004140,083450,1525908892.0889535,2055,2090,2095,0,0,0,0,0,0,0,16,25,15,0,0,0,0,0,0,0,2035,2015,2005,0,0,0,0,0,0,0,4396,12,1510,0,0,0,0,0,0,0,0,0,3,
004140,083456,1525908897.466111,2055,2090,2095,0,0,0,0,0,0,0,16,25,15,0,0,0,0,0,0,0,2035,2015,2005,0,0,0,0,0,0,0,4396,12,1510,0,0,0,0,0,0,0,0,0,3,
004140,083703,1525909024.595556,2055,2090,2095,0,0,0,0,0,0,0,16,25,15,0,0,0,0,0,0,0,2040,2035,2015,0,0,0,0,0,0,0,896,5000,12,0,0,0,0,0,0,0,0,0,3,
004140,083703,1525909024.6493645,2055,2090,2095,0,0,0,0,0,0,0,16,25,15,0,0,0,0,0,0,0,2040,2035,2015,0,0,0,0,0,0,0,896,5001,12,0,0,0,0,0,0,0,0,0,3,
004140,083825,1525909106.865888,2055,2090,2095,0,0,0,0,0,0,0,16,25,15,0,0,0,0,0,0,0,2040,2035,2015,0,0,0,0,0,0,0,896,5001,1,0,0,0,0,0,0,0,0,0,3,
004140,083832,1525909113.4311628,2055,2090,2095,0,0,0,0,0,0,0,16,25,15,0,0,0,0,0,0,0,2040,2035,2015,0,0,0,0,0,0,0,907,5001,1,0,0,0,0,0,0,0,0,0,3,
004140,083834,1525909115.6700294,2055,2090,2095,0,0,0,0,0,0,0,16,25,15,0,0,0,0,0,0,0,2040,2035,2015,0,0,0,0,0,0,0,907,5001,1,0,0,0,0,0,0,0,0,0,3,
004140,083907,1525909148.4969492,2055,2090,2095,0,0,0,0,0,0,0,16,25,15,0,0,0,0,0,0,0,2040,2035,2015,0,0,0,0,0,0,0,907,5001,1,0,0,0,0,0,0,0,0,0,3,
004140,083923,1525909164.5385005,2055,2090,2095,0,0,0,0,0,0,0,16,25,15,0,0,0,0,0,0,0,2040,2035,2015,0,0,0,0,0,0,0,907,5001,1,0,0,0,0,0,0,0,0,0,3,
004140,083927,1525909168.8517187,2055,2090,2095,0,0,0,0,0,0,0,16,25,15,0,0,0,0,0,0,0,2040,2035,2015,0,0,0,0,0,0,0,907,5001,1,0,0,0,0,0,0,0,0,0,3,
004140,084015,1525909216.7872303,2055,2090,2095,0,0,0,0,0,0,0,16,25,15,0,0,0,0,0,0,0,2040,2035,2015,0,0,0,0,0,0,0,907,5001,1,0,0,0,0,0,0,0,0,0,3,
004140,084028,1525909229.8853564,2055,2090,2095,0,0,0,0,0,0,0,16,25,15,0,0,0,0,0,0,0,2040,2035,2015,0,0,0,0,0,0,0,907,5001,1,0,0,0,0,0,0,0,0,0,3,
004140,084040,1525909241.9421172,2055,2090,2095,0,0,0,0,0,0,0,16,25,15,0,0,0,0,0,0,0,2040,2035,2015,0,0,0,0,0,0,0,907,5001,1,0,0,0,0,0,0,0,0,0,3,
004140,084102,1525909263.35389,2055,2090,2095,0,0,0,0,0,0,0,16,25,15,0,0,0,0,0,0,0,2040,2035,2015,0,0,0,0,0,0,0,907,5077,1,0,0,0,0,0,0,0,0,0,3,
004140,084158,1525909319.7420886,2055,2090,2095,0,0,0,0,0,0,0,16,25,15,0,0,0,0,0,0,0,2040,2035,2015,0,0,0,0,0,0,0,907,5077,1,0,0,0,0,0,0,0,0,0,3,
004140,084248,1525909369.714538,2055,2090,2095,0,0,0,0,0,0,0,16,25,15,0,0,0,0,0,0,0,2040,2035,2015,0,0,0,0,0,0,0,907,5077,1,0,0,0,0,0,0,0,0,0,3,
004140,084248,1525909369.8212411,2055,2090,2095,0,0,0,0,0,0,0,16,25,15,0,0,0,0,0,0,0,2040,2035,2015,0,0,0,0,0,0,0,907,5077,1,0,0,0,0,0,0,0,0,0,3,
004140,084254,1525909375.8012624,2055,2090,2095,0,0,0,0,0,0,0,16,25,15,0,0,0,0,0,0,0,2040,2035,2015,0,0,0,0,0,0,0,907,5077,1,0,0,0,0,0,0,0,0,0,3,
004140,084300,1525909381.623762,2055,2090,2095,0,0,0,0,0,0,0,16,25,15,0,0,0,0,0,0,0,2040,2035,2015,0,0,0,0,0,0,0,907,5077,1,0,0,0,0,0,0,0,0,0,3,
004140,084324,1525909405.6031437,2055,2090,2095,0,0,0,0,0,0,0,16,25,15,0,0,0,0,0,0,0,2040,2035,2015,0,0,0,0,0,0,0,907,5077,1,0,0,0,0,0,0,0,0,0,3,
004140,084329,1525909410.3191636,2055,2090,2095,0,0,0,0,0,0,0,16,25,15,0,0,0,0,0,0,0,2040,2035,2015,0,0,0,0,0,0,0,907,5077,1,0,0,0,0,0,0,0,0,0,3,
004140,084329,1525909410.7489913,2055,2090,2095,0,0,0,0,0,0,0,16,25,15,0,0,0,0,0,0,0,2040,2035,2015,0,0,0,0,0,0,0,907,5077,1,0,0,0,0,0,0,0,0,0,3,
004140,084344,1525909425.345347,2055,2090,2095,0,0,0,0,0,0,0,16,25,15,0,0,0,0,0,0,0,2040,2035,2015,0,0,0,0,0,0,0,917,5077,1,0,0,0,0,0,0,0,0,0,3,
004140,084352,1525909433.695624,2055,2090,2095,0,0,0,0,0,0,0,16,25,15,0,0,0,0,0,0,0,2040,2035,2015,0,0,0,0,0,0,0,917,5077,1,0,0,0,0,0,0,0,0,0,3,
004140,084354,1525909435.7281413,2055,2090,2095,0,0,0,0,0,0,0,16,25,15,0,0,0,0,0,0,0,2040,2035,2015,0,0,0,0,0,0,0,1417,5077,1,0,0,0,0,0,0,0,0,0,3,
004140,084355,1525909436.62833,2055,2090,2095,0,0,0,0,0,0,0,16,25,15,0,0,0,0,0,0,0,2040,2035,2015,0,0,0,0,0,0,0,1417,5077,1,0,0,0,0,0,0,0,0,0,3,
004140,084403,1525909444.5442111,2055,2090,2095,0,0,0,0,0,0,0,16,25,15,0,0,0,0,0,0,0,2040,2035,2015,0,0,0,0,0,0,0,1417,5077,1,0,0,0,0,0,0,0,0,0,3,
004140,084412,1525909453.6478562,2055,2090,2095,0,0,0,0,0,0,0,16,25,15,0,0,0,0,0,0,0,2040,2035,2015,0,0,0,0,0,0,0,1417,5077,1,0,0,0,0,0,0,0,0,0,3,
004140,084432,1525909474.0180411,2055,2090,2095,0,0,0,0,0,0,0,16,25,15,0,0,0,0,0,0,0,2040,2035,2015,0,0,0,0,0,0,0,1417,5191,1,0,0,0,0,0,0,0,0,0,3,
004140,084453,1525909494.2459824,2055,2090,2095,0,0,0,0,0,0,0,16,25,15,0,0,0,0,0,0,0,2040,2035,2015,0,0,0,0,0,0,0,1417,5191,1,0,0,0,0,0,0,0,0,0,3,
004140,084502,1525909503.8040912,2055,2090,2095,0,0,0,0,0,0,0,16,25,15,0,0,0,0,0,0,0,2040,2035,2015,0,0,0,0,0,0,0,1417,5191,1,0,0,0,0,0,0,0,0,0,3,
004140,084510,1525909512.0362391,2055,2090,2095,0,0,0,0,0,0,0,16,25,15,0,0,0,0,0,0,0,2040,2035,2015,0,0,0,0,0,0,0,1417,5191,1,0,0,0,0,0,0,0,0,0,3,
004140,084533,1525909534.2616277,2055,2090,2095,0,0,0,0,0,0,0,16,25,15,0,0,0,0,0,0,0,2040,2035,2015,0,0,0,0,0,0,0,1417,5191,1,0,0,0,0,0,0,0,0,0,3,
004140,084538,1525909540.123381,2055,2090,2095,0,0,0,0,0,0,0,16,25,15,0,0,0,0,0,0,0,2040,2035,2015,0,0,0,0,0,0,0,1417,5191,1,0,0,0,0,0,0,0,0,0,3,
004140,084605,1525909567.108376,2055,2090,2095,0,0,0,0,0,0,0,16,25,15,0,0,0,0,0,0,0,2040,2035,2015,0,0,0,0,0,0,0,1417,5191,1,0,0,0,0,0,0,0,0,0,3,
004140,084606,1525909568.0151148,2055,2090,2095,0,0,0,0,0,0,0,16,25,15,0,0,0,0,0,0,0,2040,2035,2015,0,0,0,0,0,0,0,1417,5191,1,0,0,0,0,0,0,0,0,0,3,
004140,084634,1525909595.8564637,2055,2090,2095,0,0,0,0,0,0,0,16,25,15,0,0,0,0,0,0,0,2040,2035,2015,0,0,0,0,0,0,0,1417,5191,1,0,0,0,0,0,0,0,0,0,3,
004140,084636,1525909598.0991492,2055,2090,2095,0,0,0,0,0,0,0,16,25,15,0,0,0,0,0,0,0,2040,2035,2015,0,0,0,0,0,0,0,1417,5191,1,0,0,0,0,0,0,0,0,0,3,
004140,084644,1525909606.0577476,2055,2090,2095,0,0,0,0,0,0,0,16,25,15,0,0,0,0,0,0,0,2040,2035,2015,0,0,0,0,0,0,0,1417,5191,1,0,0,0,0,0,0,0,0,0,3,
004140,084818,1525909699.214518,2090,2095,2100,0,0,0,0,0,0,0,25,15,1300,0,0,0,0,0,0,0,2055,2040,2035,0,0,0,0,0,0,0,1390,2011,5191,0,0,0,0,0,0,0,0,0,3,
004140,084820,1525909701.6187644,2090,2095,2100,0,0,0,0,0,0,0,25,15,1300,0,0,0,0,0,0,0,2055,2040,2035,0,0,0,0,0,0,0,1390,2011,5191,0,0,0,0,0,0,0,0,0,3,
004140,084822,1525909703.435576,2055,2090,2095,0,0,0,0,0,0,0,16,25,15,0,0,0,0,0,0,0,2040,2035,2015,0,0,0,0,0,0,0,1417,5191,1,0,0,0,0,0,0,0,0,0,3,
004140,084823,1525909704.2390795,2055,2090,2095,0,0,0,0,0,0,0,16,25,15,0,0,0,0,0,0,0,2040,2035,2015,0,0,0,0,0,0,0,1417,5191,1,0,0,0,0,0,0,0,0,0,3,
004140,084825,1525909706.5897014,2055,2090,2095,0,0,0,0,0,0,0,16,25,15,0,0,0,0,0,0,0,2040,2035,2015,0,0,0,0,0,0,0,1417,5191,2,0,0,0,0,0,0,0,0,0,3,
004140,084831,1525909712.5665588,2055,2090,2095,0,0,0,0,0,0,0,16,25,15,0,0,0,0,0,0,0,2040,2035,2015,0,0,0,0,0,0,0,1417,5191,2,0,0,0,0,0,0,0,0,0,3,
004140,084832,1525909713.3752708,2055,2090,2095,0,0,0,0,0,0,0,16,25,15,0,0,0,0,0,0,0,2040,2035,2015,0,0,0,0,0,0,0,1417,5191,2,0,0,0,0,0,0,0,0,0,3,
004140,084832,1525909713.910759,2055,2090,2095,0,0,0,0,0,0,0,16,25,15,0,0,0,0,0,0,0,2040,2035,2015,0,0,0,0,0,0,0,1417,5191,2,0,0,0,0,0,0,0,0,0,3,
004140,084852,1525909733.1913455,2055,2090,2095,0,0,0,0,0,0,0,16,25,15,0,0,0,0,0,0,0,2040,2035,2015,0,0,0,0,0,0,0,1417,5191,2,0,0,0,0,0,0,0,0,0,3,
004140,084901,1525909742.3815777,2055,2090,2095,0,0,0,0,0,0,0,16,25,15,0,0,0,0,0,0,0,2040,2035,2015,0,0,0,0,0,0,0,1417,5191,2,0,0,0,0,0,0,0,0,0,3,
004140,084907,1525909748.264886,2055,2090,2095,0,0,0,0,0,0,0,16,25,15,0,0,0,0,0,0,0,2040,2035,2015,0,0,0,0,0,0,0,1417,5191,2,0,0,0,0,0,0,0,0,0,3,
004140,084919,1525909761.1398454,2055,2090,2095,0,0,0,0,0,0,0,16,25,15,0,0,0,0,0,0,0,2040,2035,2015,0,0,0,0,0,0,0,1417,5191,2,0,0,0,0,0,0,0,0,0,3,
004140,084935,1525909776.6082096,2055,2090,2095,0,0,0,0,0,0,0,16,25,15,0,0,0,0,0,0,0,2040,2035,2015,0,0,0,0,0,0,0,1317,5191,2,0,0,0,0,0,0,0,0,0,3,
004140,084942,1525909783.6642642,2055,2090,2095,0,0,0,0,0,0,0,16,25,15,0,0,0,0,0,0,0,2040,2035,2015,0,0,0,0,0,0,0,1217,5191,2,0,0,0,0,0,0,0,0,0,3,
004140,085014,1525909815.2512372,2055,2090,2095,0,0,0,0,0,0,0,16,25,15,0,0,0,0,0,0,0,2040,2035,2015,0,0,0,0,0,0,0,1222,5191,2,0,0,0,0,0,0,0,0,0,3,
004140,085113,1525909875.1410186,2055,2090,2095,0,0,0,0,0,0,0,16,25,15,0,0,0,0,0,0,0,2040,2035,2015,0,0,0,0,0,0,0,1222,5191,2,0,0,0,0,0,0,0,0,0,3,
004140,085117,1525909878.826713,2055,2090,2095,0,0,0,0,0,0,0,16,25,15,0,0,0,0,0,0,0,2040,2035,2015,0,0,0,0,0,0,0,1322,5191,2,0,0,0,0,0,0,0,0,0,3,
004140,085247,1525909968.3674464,2055,2090,2095,0,0,0,0,0,0,0,16,25,15,0,0,0,0,0,0,0,2040,2035,2015,0,0,0,0,0,0,0,2822,5191,2,0,0,0,0,0,0,0,0,0,3,
004140,085331,1525910013.1000469,2055,2090,2095,0,0,0,0,0,0,0,16,25,15,0,0,0,0,0,0,0,2040,2035,2015,0,0,0,0,0,0,0,2822,5191,2,0,0,0,0,0,0,0,0,0,3,
004140,085447,1525910089.1132886,2055,2090,2095,0,0,0,0,0,0,0,16,25,15,0,0,0,0,0,0,0,2040,2035,2015,0,0,0,0,0,0,0,2822,5191,2,0,0,0,0,0,0,0,0,0,3,
004140,085543,1525910144.9536,2055,2090,2095,0,0,0,0,0,0,0,16,25,15,0,0,0,0,0,0,0,2040,2035,2015,0,0,0,0,0,0,0,2822,5191,2,0,0,0,0,0,0,0,0,0,3,
004140,085548,1525910150.0708928,2055,2090,2095,0,0,0,0,0,0,0,16,25,15,0,0,0,0,0,0,0,2040,2035,2015,0,0,0,0,0,0,0,2822,5191,2,0,0,0,0,0,0,0,0,0,3,
004140,085602,1525910163.4003003,2055,2090,2095,0,0,0,0,0,0,0,16,25,15,0,0,0,0,0,0,0,2040,2035,2015,0,0,0,0,0,0,0,2822,5191,2,0,0,0,0,0,0,0,0,0,3,
004140,085640,1525910201.4837067,2055,2090,2095,0,0,0,0,0,0,0,16,25,15,0,0,0,0,0,0,0,2040,2035,2015,0,0,0,0,0,0,0,2822,5191,2,0,0,0,0,0,0,0,0,0,3,
004140,085813,1525910294.910012,2055,2090,2095,0,0,0,0,0,0,0,16,25,15,0,0,0,0,0,0,0,2040,2035,2015,0,0,0,0,0,0,0,2722,5191,2,0,0,0,0,0,0,0,0,0,3,
004140,085818,1525910299.9427853,2055,2090,2095,0,0,0,0,0,0,0,16,25,15,0,0,0,0,0,0,0,2040,2035,2015,0,0,0,0,0,0,0,2622,5191,2,0,0,0,0,0,0,0,0,0,3,
004140,085820,1525910301.942531,2055,2090,2095,0,0,0,0,0,0,0,16,25,15,0,0,0,0,0,0,0,2040,2035,2015,0,0,0,0,0,0,0,2522,5191,2,0,0,0,0,0,0,0,0,0,3,
004140,085826,1525910307.9638197,2055,2090,2095,0,0,0,0,0,0,0,16,25,15,0,0,0,0,0,0,0,2040,2035,2015,0,0,0,0,0,0,0,1022,5191,2,0,0,0,0,0,0,0,0,0,3,
004140,085832,1525910314.091504,2055,2090,2095,0,0,0,0,0,0,0,16,25,15,0,0,0,0,0,0,0,2040,2035,2020,0,0,0,0,0,0,0,1022,5191,29,0,0,0,0,0,0,0,0,0,3,
004140,085844,1525910326.031046,2055,2090,2095,0,0,0,0,0,0,0,16,25,15,0,0,0,0,0,0,0,2040,2035,2025,0,0,0,0,0,0,0,1022,5191,39,0,0,0,0,0,0,0,0,0,3,
004140,085845,1525910326.3045068,2055,2090,2095,0,0,0,0,0,0,0,16,25,15,0,0,0,0,0,0,0,2040,2035,2025,0,0,0,0,0,0,0,922,5191,39,0,0,0,0,0,0,0,0,0,3,
004140,085856,1525910337.6105368,2055,2090,2095,0,0,0,0,0,0,0,16,25,15,0,0,0,0,0,0,0,2040,2035,2025,0,0,0,0,0,0,0,822,5191,39,0,0,0,0,0,0,0,0,0,3,
004140,085859,1525910340.2191732,2055,2090,2095,0,0,0,0,0,0,0,16,25,15,0,0,0,0,0,0,0,2040,2035,2030,0,0,0,0,0,0,0,822,5191,103,0,0,0,0,0,0,0,0,0,3,
004140,085922,1525910363.9625652,2055,2090,2095,0,0,0,0,0,0,0,16,25,15,0,0,0,0,0,0,0,2040,2035,2030,0,0,0,0,0,0,0,822,5191,103,0,0,0,0,0,0,0,0,0,3,
004140,085928,1525910369.3235924,2055,2090,2095,0,0,0,0,0,0,0,16,25,15,0,0,0,0,0,0,0,2040,2035,2030,0,0,0,0,0,0,0,822,5191,103,0,0,0,0,0,0,0,0,0,3,
004140,085932,1525910373.5818117,2055,2090,2095,0,0,0,0,0,0,0,16,25,15,0,0,0,0,0,0,0,2040,2035,2030,0,0,0,0,0,0,0,1422,5191,103,0,0,0,0,0,0,0,0,0,3,
004140,085957,1525910399.0789027,2055,2090,2095,0,0,0,0,0,0,0,16,25,15,0,0,0,0,0,0,0,2040,2035,2030,0,0,0,0,0,0,0,1422,5191,103,0,0,0,0,0,0,0,0,0,3,
004140,085958,1525910399.7912474,2055,2090,2095,0,0,0,0,0,0,0,16,25,15,0,0,0,0,0,0,0,2040,2035,2030,0,0,0,0,0,0,0,1722,5191,103,0,0,0,0,0,0,0,0,0,3,
004140,090001,1525910402.2046523,2055,2090,2095,0,0,0,0,0,0,0,16,25,15,0,0,0,0,0,0,0,2040,2035,2030,0,0,0,0,0,0,0,1728,5191,103,0,0,0,0,0,0,0,0,0,3,
004140,090019,1525910420.9214585,2055,2090,2095,0,0,0,0,0,0,0,16,25,15,0,0,0,0,0,0,0,2040,2035,2030,0,0,0,0,0,0,0,1729,5191,103,0,0,0,0,0,0,0,0,0,3,
004140,090027,1525910429.4059737,2055,2090,2095,0,0,0,0,0,0,0,16,25,15,0,0,0,0,0,0,0,2040,2035,2030,0,0,0,0,0,0,0,1729,5191,103,0,0,0,0,0,0,0,0,0,3,
004140,090030,1525910431.6045709,2055,2090,2095,2100,2105,2110,2120,2130,2135,2140,16,25,15,1300,7,6000,14614,48,556,383,2040,2035,2030,2025,2020,2015,2010,2005,2000,1995,1729,5191,103,39,29,2,100,1510,12673,2020,23396,22964,1,
004140,090031,1525910432.8752291,2090,2095,2100,2105,2110,2120,2130,2135,2140,2145,25,15,1300,7,6000,14614,48,556,383,2010,2050,2040,2035,2030,2025,2020,2015,2010,2005,2000,1,1943,5230,103,39,29,2,100,1510,12673,21630,24958,1,
004140,090033,1525910434.8497782,2090,2095,2100,2105,2110,2120,2130,2135,2140,2145,25,15,1300,7,6000,14614,48,556,383,2010,2050,2040,2035,2030,2025,2020,2015,2010,2005,2000,251,1943,5230,103,39,29,2,100,1510,12673,21880,24958,1,
004140,090034,1525910435.7573488,2095,2100,2105,2110,2120,2130,2135,2140,2145,2150,15,1300,7,6000,14614,48,556,383,2010,51493,2050,2040,2035,2030,2025,2020,2015,2010,2005,2000,251,1943,5230,103,39,29,2,100,1510,12673,21880,76426,1,
004140,090040,1525910441.7606053,2095,2100,2105,2110,2120,2130,2135,2140,2145,2150,15,1300,7,6000,14614,48,556,383,2010,51493,2050,2045,2040,2035,2030,2025,2020,2015,2010,2005,5251,39,1943,5191,103,39,29,2,100,1510,14207,76426,1,
004140,090041,1525910442.7213585,2100,2105,2110,2120,2130,2135,2140,2145,2150,2160,1300,7,6000,14614,48,556,383,2010,51493,117,2055,2050,2045,2040,2035,2030,2025,2020,2015,2010,214,5251,39,1729,5191,103,39,29,2,100,12697,76528,1,
004140,090042,1525910443.3988128,2100,2105,2110,2120,2130,2135,2140,2145,2150,2160,1300,7,6000,14614,48,556,383,2010,51493,117,2055,2050,2045,2040,2035,2030,2025,2015,2010,2005,214,5251,39,1729,5191,103,39,2,100,1510,14178,76528,1,
004140,090044,1525910446.062425,2100,2105,2110,2120,2130,2135,2140,2145,2150,2160,1300,7,6000,14614,48,556,383,2010,51493,117,2055,2050,2045,2040,2035,2030,2015,2010,2005,2000,214,5251,39,4729,5191,103,2,100,1510,12673,29812,76528,1,
004140,090045,1525910446.9035947,2090,2100,2105,2110,2120,2130,2135,2140,2145,2150,5,1300,7,6000,14614,48,556,383,2010,51493,2055,2050,2045,2040,2035,2030,2015,2010,2005,2000,214,5251,772,4729,5191,103,2,100,1510,12673,30545,76416,1,
004140,090047,1525910448.7316015,2090,2100,2105,2110,2120,2130,2135,2140,2145,2150,5,1300,7,6000,14614,48,556,383,2010,51493,2055,2050,2045,2040,2035,2015,2010,2005,2000,1995,214,5251,772,4729,5191,2,100,1510,12673,2020,32462,76416,1,
004140,090050,1525910451.159566,2090,2100,2105,2110,2120,2130,2135,2140,2145,2150,12,1300,7,6000,14607,48,556,383,2010,51493,2055,2050,2045,2040,2035,2015,2010,2005,2000,1995,214,5251,772,4729,5191,2,100,1510,12673,2020,32462,76416,1,
004140,090050,1525910451.949635,2090,2100,2105,2110,2120,2130,2135,2140,2145,2150,212,1300,7,6000,14607,48,556,383,2010,51493,2055,2050,2045,2040,2035,2015,2010,2005,2000,1995,214,5251,772,4729,5191,2,100,1510,12673,2020,32462,76616,1,
004140,090051,1525910452.6893058,2090,2100,2105,2110,2120,2130,2135,2140,2145,2150,212,1300,7,6000,14607,48,556,383,2010,51493,2060,2055,2050,2045,2040,2035,2015,2010,2005,2000,212,214,5290,733,4729,5191,2,100,1510,12673,30654,76616,1,
004140,090052,1525910453.4211698,2090,2100,2105,2110,2120,2130,2135,2140,2145,2150,212,1300,7,6000,14607,48,556,383,2010,51493,2060,2055,2050,2045,2040,2035,2015,2010,2005,2000,212,747,5290,733,4729,5191,2,100,1510,12673,31187,76616,1,
004140,090053,1525910454.1579123,2090,2095,2100,2105,2110,2120,2130,2135,2140,2145,212,1000,1300,7,6000,14607,48,556,383,2010,2060,2055,2050,2045,2040,2035,2015,2010,2005,2000,212,747,5290,733,4729,5191,2,100,1510,12673,31187,26123,1,
004140,090053,1525910454.9517558,2090,2095,2100,2105,2110,2120,2130,2135,2140,2145,212,1000,1300,7,6000,14607,48,556,383,2010,2060,2055,2050,2045,2040,2035,2015,2010,2005,2000,212,786,5251,733,4729,5191,2,100,1510,12673,31187,26123,1,
004140,090055,1525910456.4806626,2090,2095,2100,2105,2110,2120,2130,2135,2140,2145,212,2000,1300,7,6000,14607,48,556,383,2010,2060,2055,2050,2045,2040,2035,2015,2010,2005,2000,212,786,5251,733,4729,5191,2,100,1510,12673,31187,27123,1,
004140,090056,1525910457.2158518,2085,2090,2095,2100,2105,2110,2120,2130,2135,2140,50,212,2000,1300,7,6000,14607,48,556,383,2060,2055,2050,2045,2040,2035,2015,2010,2005,2000,212,786,5251,733,4729,5191,2,100,1510,12673,31187,25163,1,
004140,090056,1525910458.0037806,2085,2090,2095,2100,2105,2110,2120,2130,2135,2140,50,212,2000,1300,7,6000,14607,48,556,383,2060,2055,2050,2045,2040,2035,2015,2010,2005,2000,212,786,5251,733,4729,5191,2,100,1510,12673,31187,25163,1,
004140,090057,1525910459.0864367,2085,2090,2095,2100,2105,2110,2120,2130,2135,2140,50,1821,2000,1300,7,6000,14607,48,556,383,2060,2055,2050,2045,2040,2035,2015,2010,2005,2000,212,786,5251,733,4729,5191,2,100,1510,12673,31187,26772,1,
004140,090100,1525910461.811855,2085,2090,2095,2100,2105,2110,2120,2130,2135,2140,50,1821,2000,1300,7,6000,14607,48,556,383,2060,2055,2050,2045,2040,2035,2015,2010,2005,2000,212,786,5251,733,4729,5191,2,100,1510,12673,31187,26772,1,
004140,090103,1525910465.0556064,2085,2090,2095,2100,2105,2110,2120,2130,2135,2140,50,1821,2000,1300,7,6000,14607,48,556,383,2060,2055,2050,2045,2040,2035,2015,2010,2005,2000,212,786,5251,733,4729,5191,2,100,1510,12673,31187,26772,1,
004140,090106,1525910467.8877125,2085,2090,2095,2100,2105,2110,2120,2130,2135,2140,50,1821,2000,1300,7,6000,14607,48,556,383,2060,2055,2050,2045,2040,2035,2015,2010,2005,2000,212,786,5251,733,4729,5191,2,100,1510,12673,31187,26772,1,
004140,090109,1525910470.65316,2085,2090,2095,2100,2105,2110,2120,2130,2135,2140,50,1821,2000,1300,7,6000,14607,48,556,383,2060,2055,2050,2045,2040,2035,2015,2010,2005,2000,212,786,5251,733,4729,5191,2,100,1510,12673,31187,26772,1,
004140,090110,1525910471.8418257,2085,2090,2095,2100,2105,2110,2120,2130,2135,2140,50,1821,2000,1300,7,6000,14607,48,556,383,2060,2055,2050,2045,2040,2035,2015,2010,2005,2000,1330,786,5251,733,3611,5191,2,100,1510,12673,31187,26772,1,
004140,090111,1525910472.519955,2085,2090,2095,2100,2105,2110,2120,2130,2135,2140,50,1821,2000,1300,848,6000,14607,48,556,383,2060,2055,2050,2045,2040,2035,2015,2010,2005,2000,1118,786,5251,733,3611,5191,2,100,1510,12673,30975,27613,1,
004140,090112,1525910473.8859594,2085,2090,2095,2100,2105,2110,2120,2130,2135,2140,50,1821,2000,1300,848,6000,14607,48,556,383,2060,2055,2050,2045,2040,2035,2015,2010,2005,2000,1118,786,5251,733,3611,5191,2,100,1510,12673,30975,27613,1,
004140,090115,1525910477.0014725,2085,2090,2095,2100,2105,2110,2120,2130,2135,2140,50,1821,2000,1300,848,6000,14607,48,556,383,2060,2055,2050,2045,2040,2035,2015,2010,2005,2000,1118,786,5251,733,3611,5191,2,100,1510,12673,30975,27613,1,
004140,090120,1525910481.4270518,2085,2090,2095,2100,2105,2110,2120,2130,2135,2140,50,1821,1000,1300,848,6000,14607,48,556,383,2060,2055,2050,2045,2040,2035,2015,2010,2005,2000,1118,786,5251,733,3611,5191,2,100,1510,12673,30975,26613,1,
004140,090121,1525910482.733856,2085,2090,2095,2100,2105,2110,2120,2130,2135,2140,50,1821,1000,1300,848,6000,14607,48,556,383,2060,2055,2050,2045,2040,2035,2015,2010,2005,2000,1118,786,5251,733,3611,5191,2,100,1510,12673,30975,26613,1,
004140,090124,1525910486.078585,2085,2090,2095,2100,2105,2110,2120,2130,2135,2140,50,1821,1000,1300,848,6000,10000,48,556,383,2060,2055,2050,2045,2040,2035,2015,2010,2005,2000,1118,786,5251,733,3611,5191,2,100,1510,12673,30975,22006,1,
004140,090128,1525910489.298198,2085,2090,2095,2100,2105,2110,2120,2130,2135,2140,2550,1821,1000,1300,848,6000,10000,48,556,383,2060,2055,2050,2045,2040,2035,2015,2010,2005,2000,1118,786,5251,733,3611,5191,2,100,1510,12673,30975,24506,1,
004140,090131,1525910492.4195194,2085,2090,2095,2100,2105,2110,2120,2130,2135,2140,2550,1821,1000,1300,848,6000,10000,48,556,383,2060,2055,2050,2045,2040,2035,2015,2010,2005,2000,1118,786,5251,733,3611,5191,2,100,1510,12673,30975,24506,1,
004140,090133,1525910494.9692874,2085,2090,2095,2100,2105,2110,2120,2130,2135,2140,2550,1821,1000,1300,848,6000,10000,48,556,383,2060,2055,2050,2045,2040,2035,2015,2010,2005,2000,1118,786,5001,733,3611,5191,2,100,1510,12673,30725,24506,1,
004140,090134,1525910495.7817688,2085,2090,2095,2100,2105,2110,2120,2130,2135,2140,2550,1821,1000,1300,848,6000,10000,48,556,383,2060,2055,2050,2045,2040,2035,2015,2010,2005,2000,1118,786,5001,733,3611,5191,2,100,1510,12673,30725,24506,1,
004140,090138,1525910499.2388954,2085,2090,2095,2100,2105,2110,2120,2130,2135,2140,2550,1821,1000,1300,848,6000,10000,48,556,383,2060,2055,2050,2045,2040,2035,2015,2010,2005,2000,1118,786,5001,733,3611,5191,2,100,1510,12673,30725,24506,1,
004140,090140,1525910502.0625591,2090,2095,2100,2105,2110,2120,2130,2135,2140,2145,1821,1000,1300,848,6000,10000,48,556,383,2010,2085,2060,2055,2050,2045,2040,2035,2015,2010,2005,1703,1118,786,5001,733,3611,5191,2,100,1510,19755,23966,1,
004140,090141,1525910502.7978878,2090,2095,2100,2105,2110,2120,2130,2135,2140,2145,1821,1000,1300,848,6000,10000,48,556,383,2010,2085,2060,2055,2050,2045,2040,2035,2015,2010,2005,1703,1118,786,5001,733,3611,5191,2,100,1510,19755,23966,1,
004140,090143,1525910504.3796024,2085,2090,2095,2100,2105,2110,2115,2120,2130,2135,1524,8107,1000,1300,848,6000,747,10000,48,556,2055,2050,2045,2040,2035,2015,2010,2005,2000,1995,972,3608,733,3611,5191,2,100,1510,12673,2020,30420,30130,1,
004140,090144,1525910505.1682258,2080,2085,2090,2095,2100,2105,2110,2115,2120,2130,533,1524,8107,1000,1300,848,6000,214,10000,48,2055,2050,2045,2040,2035,2015,2010,2005,2000,1995,972,3608,733,3611,5191,2,100,1510,12673,2020,30420,29574,1,
004140,090144,1525910505.906632,2080,2085,2090,2095,2100,2105,2110,2115,2120,2130,533,1524,8107,5607,1300,848,6000,214,10000,48,2055,2050,2045,2040,2035,2015,2010,2005,2000,1995,972,3608,733,3611,5191,2,100,2510,12673,2020,31420,34181,1,
004140,090145,1525910506.8173711,2080,2085,2090,2095,2100,2105,2110,2120,2130,2135,533,1524,8107,5607,1300,1062,6000,10000,48,556,2055,2050,2045,2040,2035,2015,2010,2005,2000,1995,486,3608,733,3611,5191,2,100,2510,12673,2020,30934,34737,1,
004140,090148,1525910509.301931,2080,2085,2090,2095,2100,2105,2110,2120,2130,2135,533,1524,8107,5607,1300,1062,6000,10000,48,556,2055,2050,2045,2040,2035,2015,2010,2005,2000,1995,486,3608,733,3611,5191,2,100,2510,12673,2020,30934,34737,1,
004140,090150,1525910511.7678273,2080,2085,2090,2095,2100,2105,2110,2120,2130,2135,533,1524,8107,5607,1300,1062,6000,10000,48,556,2055,2050,2045,2040,2035,2015,2010,2005,2000,1995,486,3608,733,3611,5191,2,100,2510,12673,2020,30934,34737,1,
004140,090153,1525910515.0562227,2080,2085,2090,2095,2100,2105,2110,2120,2130,2135,533,1524,8107,5607,1300,1062,6000,10000,48,556,2055,2050,2045,2040,2035,2015,2010,2005,2000,1995,486,3608,733,3611,5191,2,100,2510,12673,2020,30934,34737,1,
004140,090154,1525910515.8476985,2080,2090,2095,2100,2105,2110,2120,2130,2135,2140,533,8107,5607,1300,1062,6000,10000,48,556,383,2055,2050,2045,2040,2035,2015,2010,2005,2000,1995,486,3608,733,3611,5191,2,100,2510,12673,2020,30934,33596,1,
004140,090155,1525910516.6844625,2090,2095,2100,2105,2110,2120,2130,2135,2140,2145,8107,5607,1300,1062,6000,10000,48,556,383,2010,2080,2055,2050,2045,2040,2035,2015,2010,2005,2000,13151,986,3608,733,3611,5191,2,100,2510,12673,42565,35073,1,
004140,090157,1525910518.8410594,2090,2095,2100,2105,2110,2120,2130,2135,2140,2145,8107,5607,1300,1062,6000,10000,48,556,383,2010,2080,2055,2050,2045,2040,2035,2015,2010,2005,2000,13151,1986,3608,733,3611,5191,2,100,2510,12673,43565,35073,1,
004140,090200,1525910521.601116,2090,2095,2100,2105,2110,2120,2130,2135,2140,2145,8107,5607,1300,1062,6000,10000,48,556,383,2010,2080,2055,2050,2045,2040,2035,2015,2010,2005,2000,13151,1986,3608,733,3611,5191,2,100,2510,12673,43565,35073,1,
004140,090201,1525910522.2674613,2090,2095,2100,2105,2110,2120,2130,2135,2140,2145,8107,5607,1300,1062,6000,10000,48,556,383,2010,2080,2055,2050,2045,2040,2035,2015,2010,2005,2000,13151,1986,3608,733,3611,5191,2,100,2510,12673,43565,35073,1,
004140,090203,1525910524.5070286,2090,2095,2100,2105,2110,2120,2130,2135,2140,2145,8107,5607,1300,1062,6000,10000,48,556,383,2010,2080,2055,2050,2045,2040,2035,2015,2010,2005,2000,13151,1986,3608,733,3611,5191,2,100,2510,12673,43565,35073,1,
004140,090204,1525910525.2460816,2090,2095,2100,2105,2110,2120,2130,2135,2140,2145,8107,5607,1300,1062,6000,10000,48,556,383,2010,2080,2055,2050,2045,2040,2035,2015,2010,2005,2000,13151,1986,3608,733,3611,5191,2,100,2510,12673,43565,35073,1,
004140,090204,1525910526.0364833,2090,2095,2100,2105,2110,2120,2130,2135,2140,2145,8107,5607,1300,1062,6000,10000,48,556,383,2010,2080,2055,2050,2045,2040,2035,2015,2010,2005,2000,13151,1986,3608,733,3611,5191,2,100,2510,12673,43565,35073,1,
004140,090205,1525910526.8840733,2090,2095,2100,2105,2110,2120,2130,2135,2140,2145,8107,5607,1300,1062,6000,10000,48,556,383,2010,2080,2055,2050,2045,2040,2035,2015,2010,2005,2000,13151,1986,3740,733,3611,5191,2,100,2510,12673,43697,35073,1,
004140,090207,1525910528.6836455,2090,2095,2100,2105,2110,2120,2130,2135,2140,2145,8107,5607,1300,1062,6000,10000,48,556,383,2010,2080,2055,2050,2040,2035,2015,2010,2005,2000,1995,12651,1986,3740,3611,5191,2,100,2510,12673,2020,44484,35073,1,
004140,090209,1525910530.5209448,2090,2095,2100,2105,2110,2120,2130,2135,2140,2145,8107,5607,1300,1062,6000,10000,48,556,383,2010,2080,2055,2050,2040,2035,2015,2010,2005,2000,1995,12651,1986,3740,3611,5191,2,100,2510,12673,2020,44484,35073,1,
004140,090211,1525910533.1146166,2090,2095,2100,2105,2110,2120,2130,2135,2140,2145,8107,5607,1300,1062,6000,10000,48,556,383,2010,2080,2055,2050,2040,2035,2015,2010,2005,2000,1995,12651,1986,3740,3611,5191,2,100,2510,12673,2020,44484,35073,1,
004140,090212,1525910533.9014418,2090,2095,2100,2105,2110,2120,2130,2135,2140,2145,8107,5607,1300,1062,6000,10000,48,556,383,2010,2080,2055,2050,2040,2035,2015,2010,2005,2000,1995,12651,1986,3740,3611,5191,2,100,2510,12673,2020,44484,35073,1,
004140,090214,1525910535.8216827,2090,2095,2100,2105,2110,2120,2130,2135,2140,2145,8107,5607,1300,1062,6000,10000,48,556,383,2010,2080,2055,2050,2040,2035,2015,2010,2005,2000,1995,12651,1986,3740,3611,5191,2,100,2510,12673,2020,44484,35073,1,
004140,090216,1525910537.9709053,2090,2095,2100,2105,2110,2120,2130,2135,2140,2145,8107,5607,1300,1062,6000,10000,48,556,383,2010,2080,2055,2050,2040,2035,2015,2010,2005,2000,1995,12651,1986,3740,3611,5191,2,100,2510,12673,2020,44484,35073,1,
004140,090218,1525910539.7169247,2090,2095,2100,2105,2110,2120,2130,2135,2140,2145,8107,5607,1300,1062,6000,10000,48,556,383,2010,2080,2055,2050,2040,2035,2015,2010,2005,2000,1995,12651,1986,3740,3611,5191,2,100,2510,12673,2020,44484,35073,1,
004140,090221,1525910542.7254703,2090,2095,2100,2105,2110,2120,2130,2135,2140,2145,8107,5607,1300,221,6000,10000,48,556,383,2010,2080,2055,2050,2040,2035,2015,2010,2005,2000,1995,11810,1986,3740,3611,5191,2,100,2510,12673,2020,43643,34232,1,
004140,090222,1525910543.4498622,2085,2090,2095,2100,2105,2110,2120,2130,2135,2140,300,8107,5607,1300,221,6000,10000,48,556,383,2080,2055,2050,2040,2035,2015,2010,2005,2000,1995,11810,1986,3740,3611,5191,2,100,2510,12673,2020,43643,32522,1,
004140,090223,1525910544.193073,2085,2090,2095,2100,2105,2110,2120,2130,2135,2140,300,8107,5607,1300,221,6000,10000,48,556,383,2080,2055,2050,2040,2035,2015,2010,2005,2000,1995,9676,1986,3740,3611,5191,2,100,2510,12673,2020,41509,32522,1,
004140,090223,1525910544.9941387,2085,2090,2095,2100,2105,2110,2120,2130,2135,2140,300,8107,5607,1300,221,6000,10000,48,556,383,2080,2055,2050,2040,2035,2015,2010,2005,2000,1995,9676,1986,3740,3600,5191,2,100,2510,12673,2020,41498,32522,1,
004140,090224,1525910545.78373,2085,2090,2095,2100,2105,2110,2120,2130,2135,2140,300,8107,5607,1300,221,6000,10000,48,556,383,2080,2055,2050,2040,2035,2015,2010,2005,2000,1995,9808,1986,3608,3600,5191,2,100,2510,12673,2020,41498,32522,1,
004140,090226,1525910548.1559813,2085,2090,2095,2100,2105,2110,2120,2130,2135,2140,300,8107,5607,1300,221,6000,10000,48,556,383,2080,2055,2050,2040,2035,2015,2010,2005,2000,1995,7308,1986,3608,3600,5191,2,100,2510,12673,2020,38998,32522,1,
004140,090227,1525910548.8359327,2085,2090,2095,2100,2105,2110,2120,2130,2135,2140,300,8107,5607,1300,221,6000,10000,48,556,383,2080,2055,2050,2040,2035,2015,2010,2005,2000,1995,7308,1986,3608,3600,5191,2,1100,2510,12673,2020,39998,32522,1,
004140,090228,1525910549.448637,2085,2090,2095,2100,2105,2110,2120,2130,2135,2140,300,8107,5607,1300,221,6000,10000,48,556,383,2080,2055,2050,2040,2035,2015,2010,2005,2000,1995,7308,1986,3608,3600,5191,2,1100,2510,12673,2020,39998,32522,1,
004140,090229,1525910550.6404486,2085,2090,2095,2100,2105,2110,2120,2130,2135,2140,300,8107,5607,1300,221,6000,10000,48,556,383,2080,2055,2050,2040,2035,2015,2010,2005,2000,1995,5308,1986,3608,3600,5191,2,1100,2510,12673,2020,37998,32522,1,
004140,090232,1525910553.3971505,2085,2090,2095,2100,2105,2110,2120,2130,2135,2140,300,6498,5607,1300,221,6000,10000,48,556,383,2080,2055,2050,2040,2035,2015,2010,2005,2000,1995,3699,1986,3608,3600,5191,2,1100,2510,12673,2020,36389,30913,1,
004140,090233,1525910554.981425,2085,2090,2095,2100,2105,2110,2120,2130,2135,2140,300,6498,5607,1300,221,6000,10000,48,556,383,2080,2055,2050,2040,2035,2015,2010,2005,2000,1995,1946,1986,3608,3600,5191,2,1100,2510,12673,2020,34636,30913,1,
004140,090235,1525910556.4528887,2085,2090,2095,2100,2105,2110,2120,2130,2135,2140,300,6498,5607,1300,221,6000,10000,48,556,383,2080,2055,2050,2040,2035,2015,2010,2005,2000,1995,1946,1986,3608,3600,5191,2,1100,2510,12673,2020,34636,30913,1,
004140,090236,1525910557.6459184,2085,2090,2095,2100,2105,2110,2120,2130,2135,2140,300,6498,5607,1300,221,6000,10000,48,556,383,2080,2055,2050,2040,2035,2015,2010,2005,2000,1995,1946,1986,3608,3600,5191,2,1100,2510,12673,2020,34636,30913,1,
004140,090238,1525910559.6957424,2085,2090,2095,2100,2105,2110,2120,2130,2135,2140,300,6498,5607,1300,221,6000,10000,48,556,383,2080,2055,2050,2040,2035,2015,2010,2005,2000,1995,1946,1986,3608,3600,5191,2,1100,2510,12673,2020,34636,30913,1,
004140,090239,1525910560.36559,2085,2090,2095,2100,2105,2110,2120,2130,2135,2140,300,6498,5607,1300,221,6000,10000,48,556,383,2080,2055,2050,2040,2035,2015,2010,2005,2000,1995,1609,1986,3608,3600,5191,2,1100,2510,12673,2020,34299,30913,1,
004140,090240,1525910561.7330868,2085,2090,2095,2100,2105,2110,2120,2130,2135,2140,300,6498,5607,1300,221,6000,10000,48,556,383,2080,2055,2050,2040,2035,2015,2010,2005,2000,1995,1609,1997,3608,3600,5191,2,1100,2510,12673,2020,34310,30913,1,
004140,090241,1525910562.4656808,2085,2090,2095,2100,2105,2110,2120,2130,2135,2140,300,212,5607,1300,221,6000,10000,48,556,383,2080,2055,2050,2040,2035,2015,2010,2005,2000,1995,1609,1997,3608,3600,5191,2,1100,2510,12673,2020,34310,24627,1,
004140,090242,1525910563.265344,2085,2090,2095,2100,2105,2110,2120,2130,2135,2140,300,212,5607,1300,221,6000,10000,48,556,383,2080,2060,2055,2050,2040,2035,2015,2010,2005,2000,1609,120,1997,3608,3600,5191,2,1100,2510,12673,32410,24627,1,
004140,090242,1525910564.004482,2085,2090,2095,2100,2105,2110,2120,2130,2135,2140,300,212,5607,1300,221,6000,10000,48,556,383,2080,2060,2055,2050,2040,2035,2015,2010,2005,2000,42,120,2417,3608,3600,5191,2,1100,2510,12673,31263,24627,1,
004140,090243,1525910564.6344643,2085,2090,2095,2100,2105,2110,2120,2130,2135,2140,300,212,5607,1300,221,6000,10000,48,556,383,2080,2055,2050,2040,2035,2015,2010,2005,2000,1995,42,2417,3608,3600,5191,2,1100,2510,12673,2020,33163,24627,1,
004140,090244,1525910565.1548927,2085,2090,2095,2100,2105,2110,2120,2130,2135,2140,300,212,5607,1300,221,6000,10000,48,556,383,2080,2055,2050,2040,2035,2015,2010,2005,2000,1995,42,2417,3608,3600,5191,2,1100,7510,12673,2020,38163,24627,1,
004140,090249,1525910570.3740196,2085,2090,2095,2100,2105,2110,2120,2130,2135,2140,300,212,5607,1300,221,6000,10000,48,556,383,2080,2055,2050,2040,2035,2015,2010,2005,2000,1995,2,2417,3608,3600,5191,2,1100,7510,12673,2020,38123,24627,1,
004140,090249,1525910570.9828012,2080,2085,2090,2095,2100,2105,2110,2120,2130,2135,40,300,212,5607,1300,221,6000,10000,48,556,2055,2050,2040,2035,2015,2010,2005,2000,1995,1990,2417,3608,3600,5191,2,1100,7510,12673,2020,20,38141,24284,1,
004140,090250,1525910571.675817,2080,2085,2090,2095,2100,2105,2110,2120,2130,2135,40,300,312,5607,1300,221,6000,10000,48,556,2055,2050,2040,2035,2015,2010,2005,2000,1995,1990,2417,3608,3600,5191,2,1100,7510,12673,2020,20,38141,24384,1,
004140,090252,1525910573.8368301,2080,2085,2090,2095,2100,2105,2110,2120,2130,2135,240,300,112,5607,1300,221,6000,10000,48,556,2055,2050,2040,2035,2015,2010,2005,2000,1995,1990,2417,3608,3600,5191,2,1100,7510,12673,2020,20,38141,24384,1,
004140,090253,1525910574.5712783,2080,2085,2090,2095,2100,2105,2110,2120,2130,2135,240,300,112,5607,1300,221,6000,10000,48,556,2055,2050,2040,2035,2015,2010,2005,2000,1995,1990,1997,3608,3600,5191,2,1100,7510,12673,2020,20,37721,24384,1,
004140,090254,1525910575.3074026,2080,2085,2090,2095,2100,2105,2110,2120,2130,2135,240,300,612,5607,1300,221,6000,10000,48,556,2055,2050,2040,2035,2015,2010,2005,2000,1995,1990,1997,3608,3600,5191,2,1100,7510,12673,2020,20,37721,24884,1,
004140,090301,1525910582.1653965,2080,2085,2090,2095,2100,2105,2110,2120,2130,2135,240,300,2279,5607,1300,221,6000,10000,48,556,2055,2050,2040,2035,2015,2010,2005,2000,1995,1990,1997,3608,3600,5191,2,1100,7510,12673,2020,20,37721,26551,1,
004140,090302,1525910583.805543,2080,2085,2090,2095,2100,2105,2110,2120,2130,2135,240,300,2279,5607,1300,221,6000,10000,48,556,2055,2050,2040,2035,2015,2010,2005,2000,1995,1990,1997,3608,3600,5191,2,3600,7510,12673,2020,20,40221,26551,1,
004140,090307,1525910588.8985825,2080,2085,2090,2095,2100,2105,2110,2120,2130,2135,240,300,2279,5607,1300,221,6000,10000,48,556,2055,2050,2040,2035,2015,2010,2005,2000,1995,1990,1997,3608,3600,6191,2,3600,7510,12673,2020,20,41221,26551,1,
004140,090309,1525910590.5469284,2080,2085,2090,2095,2100,2105,2110,2120,2130,2135,240,300,2279,5607,1300,221,6000,10000,48,556,2055,2050,2040,2035,2015,2010,2005,2000,1995,1990,1997,3608,3600,6191,2,3600,7510,12673,2020,172,41373,26551,1,
004140,090327,1525910608.2971308,2080,2085,2090,2095,2100,2105,2110,2120,2130,2135,240,300,2279,5607,4464,221,6000,10000,48,556,2055,2050,2040,2035,2015,2010,2005,2000,1995,1990,1997,3608,3600,6191,2,3600,7510,12673,2020,172,41373,29715,1,
004140,090327,1525910608.9638538,2070,2080,2085,2090,2095,2100,2105,2110,2120,2130,1000,240,300,2279,5607,4464,221,6000,10000,48,2055,2050,2040,2035,2015,2010,2005,2000,1995,1990,1997,3608,3600,6191,2,3600,7510,12673,2020,172,41373,30159,1,
004140,090328,1525910609.5973504,2080,2085,2090,2095,2100,2105,2110,2120,2130,2135,240,300,2279,5607,4464,221,6000,10000,48,556,2055,2050,2040,2035,2015,2010,2005,2000,1995,1990,1997,3608,3600,6191,2,3600,7510,12673,2020,172,41373,29715,1,
004140,090329,1525910610.731423,2080,2085,2090,2095,2100,2105,2110,2120,2130,2135,200,300,2279,5607,4464,221,6000,10000,48,556,2055,2050,2040,2035,2015,2010,2005,2000,1995,1990,1997,3608,3600,6191,2,3600,7510,12673,2020,172,41373,29675,1,
004140,090332,1525910613.2103758,2080,2085,2090,2095,2100,2105,2110,2120,2130,2135,200,300,2279,5607,4464,221,6001,10000,48,557,2055,2050,2040,2035,2015,2010,2005,2000,1995,1990,1997,3608,3600,6191,2,3600,7510,12673,2020,172,41373,29677,1,
004140,090339,1525910620.8597271,2080,2085,2090,2095,2100,2105,2110,2120,2130,2135,200,800,2279,5607,4464,221,6001,10000,48,557,2055,2050,2040,2035,2015,2010,2005,2000,1995,1990,1997,3608,3600,6191,2,3600,7510,12673,2020,172,41373,30177,1,
004140,090341,1525910622.9454803,2080,2085,2090,2095,2100,2105,2110,2120,2130,2135,200,800,2279,5607,4464,221,6001,10000,48,557,2055,2050,2040,2035,2015,2010,2005,2000,1995,1990,3997,3608,3600,6191,2,3600,7510,12673,2020,172,43373,30177,1,
004140,090345,1525910626.8716106,2080,2085,2090,2095,2100,2105,2110,2120,2130,2135,200,800,2279,5607,4464,221,6001,10000,48,557,2055,2050,2040,2035,2015,2010,2005,2000,1995,1990,3997,3608,3600,6191,2,3600,7510,12673,2020,172,43373,30177,1,
004140,090348,1525910629.1473439,2080,2085,2090,2095,2100,2105,2110,2120,2130,2135,200,800,2279,5607,4464,221,6001,10000,48,557,2055,2050,2040,2035,2015,2010,2005,2000,1995,1990,3997,3608,3600,6191,2,3600,7510,12673,2020,172,43373,30177,1,
004140,090354,1525910635.3785532,2080,2085,2090,2095,2100,2105,2110,2120,2130,2135,200,800,2279,5607,4464,221,6001,10000,48,557,2055,2050,2040,2035,2015,2010,2005,2000,1995,1990,3997,3608,3600,6191,2,3600,7510,12673,2020,172,43373,30177,1,
004140,090359,1525910640.5146272,2080,2085,2090,2095,2100,2105,2110,2120,2130,2135,200,800,2279,5607,4464,221,6001,10000,48,557,2055,2050,2040,2035,2015,2010,2005,2000,1995,1990,3997,3608,3600,6191,286,3600,7510,12673,2020,172,43657,30177,1,
004140,090359,1525910641.135676,2080,2085,2090,2095,2100,2105,2110,2120,2130,2135,200,1200,2279,5607,4464,221,6001,10000,48,557,2055,2050,2040,2035,2015,2010,2005,2000,1995,1990,3997,3608,3600,6191,286,3600,7510,12673,2020,172,43657,30577,1,
004140,090403,1525910644.6604288,2055,2080,2085,2090,2095,2100,2105,2110,2120,2130,15304,200,1686,2279,5607,4464,221,6001,10000,48,2050,2040,2035,2015,2010,2005,2000,1995,1990,1985,3608,3600,6191,286,3600,7510,12673,2020,172,10,39670,45810,1,
004140,090404,1525910645.2256093,2055,2080,2085,2090,2095,2100,2105,2110,2120,2130,11670,200,1686,2279,5607,4464,221,6001,10000,48,2050,2040,2035,2015,2010,2005,2000,1995,1990,1985,3608,3600,6191,286,3600,7510,12673,2020,172,10,39670,42176,1,
004140,090408,1525910649.4273603,2055,2080,2085,2090,2095,2100,2105,2110,2120,2130,11670,200,1686,2279,5607,4464,221,6001,5000,48,2050,2040,2035,2015,2010,2005,2000,1995,1990,1985,3608,3600,6191,286,3600,7510,12673,2020,172,10,39670,37176,1,
004140,090411,1525910653.0595438,2055,2080,2085,2090,2095,2100,2105,2110,2120,2130,11640,200,1686,2279,5607,4464,221,6001,5000,48,2050,2040,2035,2015,2010,2005,2000,1995,1990,1985,3608,3600,6191,286,3600,7510,12673,2020,172,10,39670,37146,1,
004140,090413,1525910654.4164274,2055,2080,2085,2090,2095,2100,2105,2110,2120,2130,11640,200,1686,2279,5607,4464,221,6001,5000,48,2050,2040,2035,2015,2010,2005,2000,1995,1990,1985,3608,3600,6191,286,3600,7510,12673,2020,172,10,39670,37146,1,
004140,090416,1525910657.7457263,2055,2080,2085,2090,2095,2100,2105,2110,2120,2130,11640,200,1686,2279,5607,4464,221,6001,5000,48,2050,2040,2035,2015,2010,2005,2000,1995,1990,1985,411,3600,6191,286,3600,7510,12673,2020,172,10,36473,37146,1,
004140,090419,1525910660.5298717,2055,2080,2085,2090,2095,2100,2105,2110,2120,2130,11640,5200,1686,2279,5607,4464,221,6001,5000,48,2050,2040,2035,2015,2010,2005,2000,1995,1990,1985,411,3600,6191,286,3600,7510,12673,2020,172,10,36473,42146,1,
004140,090420,1525910661.1513364,2055,2080,2085,2090,2095,2100,2105,2110,2120,2130,11640,5200,1686,2279,5821,4464,7,6001,5000,48,2050,2040,2035,2015,2010,2005,2000,1995,1990,1985,411,3600,6191,286,3600,7510,12673,2020,172,10,36473,42146,1,
004140,090420,1525910661.7747126,2055,2080,2085,2090,2095,2100,2105,2110,2120,2130,11640,5200,1686,2279,5821,4464,7,6001,5000,48,2050,2040,2035,2015,2010,2005,2000,1995,1990,1985,414,3600,6191,286,3600,7510,12673,2020,172,10,36476,42146,1,
004140,090426,1525910667.2689302,2080,2085,2090,2095,2100,2105,2110,2120,2130,2135,5200,1686,2279,5821,4464,7,6001,5000,48,557,2050,2040,2035,2015,2010,2005,2000,1995,1990,1985,414,3600,6191,286,3600,7510,12673,2020,172,10,36476,31063,1,
004140,090426,1525910667.834015,2075,2080,2085,2090,2095,2100,2105,2110,2120,2130,214,5200,1686,2279,5607,4464,7,6001,5000,48,2050,2040,2035,2015,2010,2005,2000,1995,1990,1985,414,3600,6191,286,3600,7510,12673,2020,172,10,36476,30506,1,
004140,090429,1525910670.834802,2075,2080,2085,2090,2095,2100,2105,2110,2120,2130,214,5200,1686,2279,5607,4464,7,6001,5000,48,2050,2040,2035,2015,2010,2005,2000,1995,1990,1985,434,3600,6191,286,3600,7510,12673,2020,172,10,36496,30506,1,
004140,090435,1525910676.79116,2075,2080,2085,2090,2095,2100,2105,2110,2120,2130,214,5200,1686,2279,5607,4464,7,6001,5000,48,2050,2040,2035,2015,2010,2005,2000,1995,1990,1985,434,3600,6191,1286,3600,7510,12673,1020,172,10,36496,30506,1,
004140,090436,1525910677.4118557,2075,2080,2085,2090,2095,2100,2105,2110,2120,2130,214,5200,1686,2279,5607,4464,7,6001,5000,48,2050,2045,2040,2035,2015,2010,2005,2000,1995,1990,434,1,3600,6191,1286,3600,7510,12673,1020,172,36487,30506,1,
004140,090439,1525910680.6778948,2075,2080,2085,2090,2095,2100,2105,2110,2120,2130,314,5200,1686,2279,5607,4464,7,6001,5000,48,2050,2045,2040,2035,2015,2010,2005,2000,1995,1990,434,1,3600,6191,1286,3600,7510,12673,1020,172,36487,30606,1,
004140,090441,1525910683.0508788,2075,2080,2085,2090,2095,2100,2105,2110,2130,2135,314,5200,1686,2279,5607,4464,7,6001,48,557,2050,2045,2040,2035,2015,2010,2005,2000,1995,1990,434,1,3600,6191,1286,3600,7510,12673,1020,172,36487,26163,1,
004140,090443,1525910684.3503687,2075,2080,2085,2090,2095,2100,2105,2110,2130,2135,314,5200,1686,2279,5607,4464,7,6001,48,557,2050,2045,2040,2035,2015,2010,2005,2000,1995,1990,434,282,3600,6191,1286,3600,7510,12673,1020,172,36768,26163,1,
004140,090444,1525910685.4420416,2075,2080,2085,2090,2095,2100,2105,2110,2130,2135,314,5200,1686,2279,5607,4464,7,6001,48,557,2050,2045,2040,2035,2015,2010,2005,2000,1995,1990,334,282,3600,6191,1286,3600,7510,12673,1020,172,36668,26163,1,
004140,090452,1525910693.7446206,2075,2080,2085,2090,2095,2100,2105,2110,2130,2135,314,5300,1686,2279,5607,4464,7,6001,48,557,2050,2045,2040,2035,2015,2010,2005,2000,1995,1990,334,282,3600,6191,1286,3600,7510,12673,1020,172,36668,26263,1,
004140,090453,1525910694.3747716,2075,2080,2085,2090,2095,2100,2105,2110,2130,2135,314,5300,1686,2279,5607,4464,7,6001,48,557,2050,2045,2040,2035,2015,2010,2005,2000,1995,1990,334,282,3602,6191,1286,3600,7510,12673,1020,172,36670,26263,1,
004140,090453,1525910695.0551364,2055,2075,2080,2085,2090,2095,2100,2105,2110,2130,570,314,5300,1686,2279,5607,4464,7,6001,48,2050,2045,2040,2035,2015,2010,2005,2000,1995,1990,334,282,3602,6191,1286,3600,7510,12673,1020,172,36670,26276,1,
004140,090454,1525910695.6797485,2055,2075,2080,2085,2090,2095,2100,2105,2110,2130,570,314,5300,1686,2279,5607,4464,7,6001,48,2050,2045,2040,2035,2015,2010,2005,2000,1995,1990,334,281,3602,6191,1286,3600,7510,12673,1020,172,36669,26276,1,
004140,090458,1525910699.5610096,2055,2075,2080,2085,2090,2095,2100,2105,2110,2130,570,314,5300,1686,2679,5607,4464,7,6001,48,2050,2045,2040,2035,2015,2010,2005,2000,1995,1990,334,281,3602,6191,1286,3600,7510,12673,1020,172,36669,26676,1,
004140,090509,1525910710.7672253,2050,2055,2075,2080,2085,2090,2095,2100,2105,2110,666,570,314,5300,1686,2679,5607,4464,7,6001,2045,2040,2035,2015,2010,2005,2000,1995,1990,1985,281,3602,6191,1286,3600,7510,12673,1020,172,10,36345,27294,1,
004140,090514,1525910715.297711,2050,2055,2075,2080,2085,2090,2095,2100,2105,2110,666,570,314,5300,1686,2679,5607,4464,7,6001,2045,2040,2035,2015,2010,2005,2000,1995,1990,1985,1258,3602,6191,1286,3600,7510,12673,1020,172,10,37322,27294,1,
004140,090519,1525910720.6047227,2050,2055,2075,2080,2085,2090,2095,2100,2105,2110,666,570,314,10300,1686,2679,5607,4464,7,6001,2045,2040,2035,2015,2010,2005,2000,1995,1990,1985,1258,3602,6191,1286,3600,7510,12673,1020,172,10,37322,32294,1,
004140,090524,1525910725.345341,2050,2055,2075,2080,2085,2090,2095,2100,2105,2110,666,570,323,10300,1686,2679,5607,4464,7,6001,2045,2040,2035,2015,2010,2005,2000,1995,1990,1985,1258,3602,6191,1286,3600,7510,12673,1020,172,10,37322,32303,1,
004140,090525,1525910727.031786,2050,2055,2075,2080,2085,2090,2095,2100,2105,2110,666,570,323,11967,1686,1012,5607,4464,7,6001,2045,2040,2035,2015,2010,2005,2000,1995,1990,1985,1258,3602,6191,1286,3600,7510,12673,1020,172,10,37322,32303,1,
004140,090535,1525910736.1999307,2050,2055,2075,2080,2085,2090,2095,2100,2105,2110,666,570,323,11967,1686,1012,5607,4464,7,6001,2045,2040,2035,2015,2010,2005,2000,1995,1990,1985,1258,3602,6191,1286,3600,7510,12673,1020,172,10,37322,32303,1,
004140,090550,1525910751.8563395,2050,2055,2075,2080,2085,2090,2095,2100,2105,2110,666,570,323,11967,1686,1012,5607,4464,7,6001,2045,2040,2035,2015,2010,2005,2000,1995,1990,1985,977,3602,6191,1286,3600,7510,12673,1020,172,10,37041,32303,1,
004140,090607,1525910768.14096,2050,2055,2075,2080,2085,2090,2095,2100,2105,2110,666,570,323,6967,1686,1012,5607,4464,7,6001,2045,2040,2035,2015,2010,2005,2000,1995,1990,1985,977,3602,6191,1286,3600,7510,12673,1020,172,10,37041,27303,1,
004140,090608,1525910769.908247,2050,2055,2075,2080,2085,2090,2095,2100,2105,2110,666,570,323,6967,1686,1012,5607,4464,7,6001,2045,2040,2035,2015,2010,2005,2000,1995,1990,1985,977,3602,6191,1286,3600,7510,12673,1020,1672,10,38541,27303,1,
004140,090609,1525910770.807285,2050,2055,2075,2080,2085,2090,2095,2100,2105,2110,666,570,323,1967,1686,1012,5607,4464,7,6001,2045,2040,2035,2015,2010,2005,2000,1995,1990,1985,977,3602,6191,1286,3600,7510,12673,1020,1672,10,38541,22303,1,
004140,090610,1525910771.2620084,2055,2075,2080,2085,2090,2095,2100,2105,2110,2130,570,323,1967,1686,1012,5607,4464,7,6001,48,2050,2045,2040,2035,2015,2010,2005,2000,1995,1990,334,977,3602,6191,1286,3600,7510,12673,1020,1672,38865,21685,1,
004140,090612,1525910774.1411636,2055,2075,2080,2085,2090,2095,2100,2105,2110,2130,570,323,1967,1686,1012,1000,4464,7,6001,48,2050,2045,2040,2035,2015,2010,2005,2000,1995,1990,334,977,3602,6191,1286,3600,7510,12673,1020,1672,38865,17078,1,
004140,090616,1525910777.2014322,2055,2075,2080,2085,2090,2095,2100,2105,2110,2130,570,323,1967,1686,1012,1000,4464,7,6001,48,2050,2045,2040,2035,2015,2010,2005,2000,1995,1990,334,977,3612,6191,1286,3600,7510,12673,1020,1672,38875,17078,1,
004140,090623,1525910784.2567594,2055,2075,2080,2085,2090,2095,2100,2105,2110,2130,570,323,1967,1686,1012,1000,4464,7,6001,48,2050,2045,2040,2035,2015,2010,2005,2000,1995,1990,284,977,3612,6191,1286,3600,7510,12673,1020,1672,38825,17078,1,
004140,090623,1525910784.8223157,2075,2080,2085,2090,2095,2100,2105,2110,2130,2135,323,1967,1686,1012,1000,4464,7,6001,48,557,2050,2045,2040,2035,2015,2010,2005,2000,1995,1990,284,977,3612,6191,1286,3600,7510,12673,1020,1672,38825,17065,1,
004140,090624,1525910785.7843776,2075,2080,2085,2090,2095,2100,2105,2110,2130,2135,323,1967,1686,1012,1000,6833,7,6001,48,557,2050,2045,2040,2035,2015,2010,2005,2000,1995,1990,284,977,3612,6191,1286,3600,7510,12673,1020,1672,38825,19434,1,
004140,090633,1525910794.334487,2075,2080,2085,2090,2095,2100,2105,2110,2130,2135,323,1967,1686,1012,1000,6833,7,6001,48,557,2050,2045,2040,2035,2015,2010,2005,2000,1995,1990,284,1477,3612,6191,1286,3600,7510,12673,1020,1672,39325,19434,1,
004140,090640,1525910801.6002123,2075,2080,2085,2090,2095,2100,2105,2110,2130,2135,323,1967,1686,1012,1000,6833,7,6001,48,557,2050,2045,2040,2035,2030,2015,2010,2005,2000,1995,284,1477,3612,6191,344,1286,3600,7510,12673,1020,37997,19434,1,
004140,090643,1525910804.1498854,2075,2080,2085,2090,2095,2100,2105,2110,2130,2135,323,1967,1686,1012,1000,9833,7,6001,48,557,2050,2045,2040,2035,2030,2015,2010,2005,2000,1995,284,1477,3612,6191,344,1286,3600,7510,12673,1020,37997,22434,1,
004140,090647,1525910808.613524,2075,2080,2085,2090,2095,2100,2105,2110,2130,2135,323,1967,1686,512,1000,9833,7,6001,48,557,2050,2045,2040,2035,2030,2015,2010,2005,2000,1995,284,1477,3612,6191,344,1286,3600,7510,12673,1020,37997,21934,1,
004140,090653,1525910814.6038363,2075,2080,2085,2090,2095,2100,2105,2110,2130,2135,323,1967,1686,512,1000,9833,7,6001,48,557,2050,2045,2040,2035,2030,2015,2010,2005,2000,1995,268,1477,3612,6191,344,1286,3600,7510,12673,1020,37981,21934,1,
004140,090656,1525910817.8227692,2075,2080,2085,2090,2095,2100,2105,2110,2130,2135,309,1967,1686,512,1000,9833,7,6001,48,557,2050,2045,2040,2035,2030,2015,2010,2005,2000,1995,268,1477,3612,6191,344,1286,3600,7510,12673,1020,37981,21920,1,
004140,090700,1525910821.9432333,2075,2080,2085,2090,2095,2100,2105,2110,2130,2135,309,1967,1686,512,1000,9833,7,6001,48,557,2050,2045,2040,2035,2030,2015,2010,2005,2000,1995,268,1477,3612,6191,344,1286,3600,7510,12673,1020,37981,21920,1,
004140,090702,1525910823.7060747,2075,2080,2085,2090,2095,2100,2105,2110,2130,2135,309,1967,1686,512,1000,9833,7,6001,48,567,2050,2045,2040,2035,2030,2015,2010,2005,2000,1995,268,1477,3612,6191,344,1286,3600,7510,12673,1020,37981,21930,1,
004140,090735,1525910856.4046404,2075,2080,2085,2090,2095,2100,2105,2110,2130,2135,809,1967,1686,512,1000,9833,7,6001,48,567,2050,2045,2040,2035,2030,2015,2010,2005,2000,1995,268,1477,3612,6191,344,1286,3600,7510,12673,1020,37981,22430,1,
004140,090744,1525910865.2873316,2075,2080,2085,2090,2095,2100,2105,2110,2130,2135,809,1967,1686,512,1000,9833,7,6001,48,567,2050,2045,2040,2035,2030,2015,2010,2005,2000,1995,268,977,3612,6191,344,1286,3600,7510,12673,1020,37481,22430,1,
004140,090747,1525910868.1034114,2075,2080,2085,2090,2095,2100,2105,2110,2130,2135,809,1967,1686,512,1000,9833,7,6001,48,567,2050,2045,2040,2035,2030,2015,2010,2005,2000,1995,2268,977,3612,6191,344,1286,3600,7510,12673,1020,39481,22430,1,
004140,090748,1525910869.472696,2075,2080,2085,2090,2095,2100,2105,2110,2130,2135,1109,1967,1686,512,1000,9833,7,6001,48,567,2050,2045,2040,2035,2030,2015,2010,2005,2000,1995,2268,977,3612,6191,344,1286,3600,7510,12673,1020,39481,22730,1,
004140,090748,1525910869.9217613,2075,2080,2085,2090,2095,2100,2105,2110,2130,2135,1109,1967,1686,112,1000,9833,7,6001,48,567,2050,2045,2040,2035,2030,2015,2010,2005,2000,1995,2268,977,3612,6191,344,1286,3600,7510,12673,1020,39481,22330,1,
004140,090754,1525910875.5259373,2075,2080,2085,2090,2095,2100,2105,2110,2130,2135,609,1967,1686,112,1000,9833,7,6001,48,567,2050,2045,2040,2035,2030,2015,2010,2005,2000,1995,2268,977,3612,6191,344,1286,3600,7510,12673,1020,39481,21830,1,
004140,090806,1525910887.1832795,2075,2080,2085,2090,2095,2100,2105,2110,2130,2135,609,1967,1686,112,1000,9833,7,6001,48,567,2050,2045,2040,2035,2030,2015,2010,2005,2000,1995,2268,977,3612,6191,344,1286,3600,7510,12673,1020,39481,21830,1,
004140,090810,1525910891.1164672,2075,2080,2085,2090,2095,2100,2105,2110,2130,2135,611,1967,1686,112,1000,9833,7,6001,48,567,2050,2045,2040,2035,2030,2015,2010,2005,2000,1995,2268,977,3612,6191,344,1286,3600,7510,12673,1020,39481,21832,1,
004140,090810,1525910891.503283,2075,2080,2085,2090,2095,2100,2105,2110,2130,2135,614,1967,1686,112,1000,9833,7,6001,48,567,2050,2045,2040,2035,2030,2015,2010,2005,2000,1995,2268,977,3612,6191,344,1286,3600,7510,12673,1020,39481,21835,1,
004140,090810,1525910892.0162768,2075,2080,2085,2090,2095,2100,2105,2110,2130,2135,617,1967,1686,112,1000,9833,7,6001,48,567,2050,2045,2040,2035,2030,2015,2010,2005,2000,1995,2268,977,3612,6191,344,1286,3600,7510,12673,1020,39481,21838,1,
004140,090811,1525910892.403069,2075,2080,2085,2090,2095,2100,2105,2110,2130,2135,618,1967,1686,112,1000,9833,7,6001,48,567,2050,2045,2040,2035,2030,2015,2010,2005,2000,1995,2268,977,3612,6191,344,1286,3600,7510,12673,1020,39481,21839,1,
004140,090811,1525910892.916487,2075,2080,2085,2090,2095,2100,2105,2110,2130,2135,618,1971,1686,112,1000,9833,7,6001,48,567,2050,2045,2040,2035,2030,2015,2010,2005,2000,1995,2268,977,3612,6191,344,1286,3600,7510,12673,1020,39481,21843,1,
004140,090812,1525910893.3028622,2075,2080,2085,2090,2095,2100,2105,2110,2130,2135,618,1972,1686,112,1000,9833,7,6001,48,567,2050,2045,2040,2035,2030,2015,2010,2005,2000,1995,2268,977,3612,6191,344,1286,3600,7510,12673,1020,39481,21844,1,
004140,090812,1525910893.766635,2075,2080,2085,2090,2095,2100,2105,2110,2130,2135,618,1972,1688,112,1000,9833,7,6001,48,567,2050,2045,2040,2035,2030,2015,2010,2005,2000,1995,2268,977,3612,6191,344,1286,3600,7510,12673,1020,39481,21846,1,
004140,090813,1525910894.1649556,2075,2080,2085,2090,2095,2100,2105,2110,2130,2135,618,1972,1690,112,1000,9833,7,6001,48,567,2050,2045,2040,2035,2030,2015,2010,2005,2000,1995,2268,977,3612,6191,344,1286,3600,7510,12673,1020,39481,21848,1,
004140,090813,1525910894.6152625,2075,2080,2085,2090,2095,2100,2105,2110,2130,2135,1118,1972,1693,112,1000,9833,7,6001,48,567,2050,2045,2040,2035,2030,2015,2010,2005,2000,1995,2268,977,3612,6191,344,1286,3600,7510,12673,1020,39481,22351,1,
004140,090814,1525910895.2311099,2075,2080,2085,2090,2095,2100,2105,2110,2130,2135,1118,1972,1697,112,1000,9833,7,6001,48,567,2050,2045,2040,2035,2030,2015,2010,2005,2000,1995,2268,977,3612,6191,344,1286,3600,7510,12673,1020,39481,22355,1,
004140,090815,1525910896.185426,2075,2080,2085,2090,2095,2100,2105,2110,2130,2135,1118,1972,1697,114,1000,9833,7,6001,48,567,2050,2045,2040,2035,2030,2015,2010,2005,2000,1995,2268,977,3612,6191,344,1286,3600,7510,12673,1020,39481,22357,1,
004140,090815,1525910896.6333542,2075,2080,2085,2090,2095,2100,2105,2110,2130,2135,1118,1972,1697,115,1000,9833,7,6001,48,567,2050,2045,2040,2035,2030,2015,2010,2005,2000,1995,2268,977,3612,6191,344,1286,3600,7510,12673,1020,39481,22358,1,
004140,090818,1525910899.5613916,2075,2080,2085,2090,2095,2100,2105,2110,2130,2135,1168,1972,1697,115,1000,9833,7,6001,48,567,2050,2045,2040,2035,2030,2015,2010,2005,2000,1995,2268,977,3612,6191,344,1286,3600,7510,12673,1020,39481,22408,1,
004140,090819,1525910900.4569292,2075,2080,2085,2090,2095,2100,2105,2110,2130,2135,1168,1972,1747,115,1000,9833,7,6001,48,567,2050,2045,2040,2035,2030,2015,2010,2005,2000,1995,2268,977,3612,6191,344,1286,3600,7510,12673,1020,39481,22458,1,
004140,090819,1525910900.850805,2075,2080,2085,2090,2095,2100,2105,2110,2130,2135,1168,1972,1747,165,1000,9833,7,6001,48,567,2050,2045,2040,2035,2030,2015,2010,2005,2000,1995,2268,977,3612,6191,344,1286,3600,7510,12673,1020,39481,22508,1,
004140,090824,1525910905.2884295,2075,2080,2085,2090,2095,2100,2105,2110,2130,2135,1167,1972,1747,165,1000,9833,7,6001,48,567,2050,2045,2040,2035,2030,2015,2010,2005,2000,1995,2268,977,3612,6191,344,1286,3600,7510,12673,1020,39481,22507,1,
004140,090824,1525910905.7862275,2075,2080,2085,2090,2095,2100,2105,2110,2130,2135,1109,1967,1686,112,1000,9833,7,6001,48,567,2050,2045,2040,2035,2030,2015,2010,2005,2000,1995,2268,977,3612,6191,344,1286,3600,7510,12673,1020,39481,22330,1,
004140,090830,1525910911.4444401,2075,2080,2085,2090,2095,2100,2105,2110,2130,2135,1209,1867,1686,112,1000,9833,7,6001,48,567,2050,2045,2040,2035,2030,2015,2010,2005,2000,1995,2268,977,3612,6191,344,1286,3600,7510,12673,1020,39481,22330,1,
004140,090830,1525910912.0170515,2075,2080,2085,2090,2095,2100,2105,2110,2130,2135,1209,1867,1686,112,1000,9833,7,6001,48,567,2050,2045,2040,2035,2030,2015,2010,2005,2000,1995,2268,977,3612,6191,344,1286,3600,7510,12673,1020,39481,22330,1,
004140,090834,1525910915.9714196,2075,2080,2085,2090,2095,2100,2105,2110,2130,2135,1209,1867,1686,112,1000,9833,7,6001,48,567,2050,2045,2040,2035,2030,2015,2010,2005,2000,1995,1768,977,3612,6191,344,1286,3600,7510,12673,1020,38981,22330,1,
004140,090845,1525910926.1846569,2050,2075,2080,2085,2090,2095,2100,2105,2110,2130,6789,1209,1867,1686,112,1000,9833,7,6001,48,2045,2040,2035,2030,2015,2010,2005,2000,1995,1990,977,3612,6191,344,1286,3600,7510,12673,1020,1672,38885,28552,1,
004140,090846,1525910927.8467119,2050,2075,2080,2085,2090,2095,2100,2105,2110,2130,27696,1209,1867,1686,112,1000,9833,7,6001,48,2045,2040,2035,2030,2015,2010,2005,2000,1995,1990,977,3612,6191,344,1286,3600,7510,12673,1020,1672,38885,49459,1,
004140,090850,1525910931.5084505,2050,2075,2080,2085,2090,2095,2100,2105,2110,2130,27696,1209,1867,1686,112,1000,9833,7,6001,48,2045,2040,2035,2030,2015,2010,2005,2000,1995,1990,977,3616,6191,344,1286,3600,7510,12673,1020,1672,38889,49459,1,
004140,090859,1525910940.7687116,2050,2075,2080,2085,2090,2095,2100,2105,2110,2130,27696,1209,1867,1686,112,1000,9833,7,6001,48,2045,2040,2035,2030,2015,2010,2005,2000,1995,1990,977,3616,6191,344,1285,3600,7510,12673,1020,1673,38889,49459,1,
004140,090915,1525910956.406897,2050,2075,2080,2085,2090,2095,2100,2105,2110,2130,27696,1209,1867,1186,112,1000,9833,7,6001,48,2045,2040,2035,2030,2015,2010,2005,2000,1995,1990,477,3616,6191,344,1285,3600,7510,12673,1020,1673,38389,48959,1,
004140,090918,1525910959.8489132,2050,2075,2080,2085,2090,2095,2100,2105,2110,2130,27696,1209,1867,1186,112,1000,9833,7,6001,48,2045,2040,2035,2030,2015,2010,2005,2000,1995,1990,377,3616,6191,344,1285,3600,7510,12673,1020,1673,38289,48959,1,
004140,090924,1525910965.4829206,2050,2075,2080,2085,2090,2095,2100,2105,2110,2130,27696,1209,1867,1186,112,1000,9833,7,6001,48,2045,2040,2035,2030,2015,2010,2005,2000,1995,1990,127,3616,6191,344,1285,3600,7510,12673,1020,1673,38039,48959,1,
004140,090924,1525910965.8802328,2045,2050,2075,2080,2085,2090,2095,2100,2105,2110,373,27696,709,1867,1186,112,1000,9833,7,6001,2040,2035,2030,2015,2010,2005,2000,1995,1990,1985,3616,6191,344,1285,3600,7510,12673,1020,1673,10,37922,48784,1,
004140,090929,1525910970.5007493,2050,2075,2080,2085,2090,2095,2100,2105,2110,2130,27696,709,1867,1186,112,1000,9833,7,6001,48,2045,2040,2035,2030,2015,2010,2005,2000,1995,1990,627,3616,6191,344,1285,3600,7510,12673,1020,1673,38539,48459,1,
004140,090930,1525910972.019826,2050,2075,2080,2085,2090,2095,2100,2105,2110,2130,27696,709,1867,1186,112,1000,9833,7,6001,48,2045,2040,2035,2030,2015,2010,2005,2000,1995,1990,627,3616,6191,344,1285,3600,7510,12673,1020,1673,38539,48459,1,
004140,090939,1525910980.7043996,2050,2075,2080,2085,2090,2095,2100,2105,2110,2130,27696,400,1867,1186,421,1000,9833,7,6001,48,2045,2040,2035,2030,2015,2010,2005,2000,1995,1990,627,3616,6191,344,1285,3600,7510,12673,1020,1673,38539,48459,1,
004140,090940,1525910981.6671872,2050,2075,2080,2085,2090,2095,2100,2105,2110,2130,27696,400,1867,1186,421,1000,9833,7,6001,48,2045,2040,2035,2030,2015,2010,2005,2000,1995,1990,547,3616,6191,344,1285,3600,7510,12673,1020,1673,38459,48459,1,
004140,090953,1525910994.9795742,2050,2075,2080,2085,2090,2095,2100,2105,2110,2130,25179,400,1867,1186,421,1000,9833,7,6001,48,2045,2040,2035,2030,2015,2010,2005,2000,1995,1990,547,3616,6191,344,1285,3600,7510,12673,1020,1673,38459,45942,1,
004140,091004,1525911006.1243806,2050,2075,2080,2085,2090,2095,2100,2105,2110,2130,25179,400,1867,1186,112,1000,9833,7,6001,48,2045,2040,2035,2030,2015,2010,2005,2000,1995,1990,238,3616,6191,344,1285,3600,7510,12673,1020,1673,38150,45633,1,
004140,091019,1525911020.561751,2050,2075,2080,2085,2090,2095,2100,2105,2110,2130,25179,400,1867,1186,112,1000,9833,7,6001,48,2045,2040,2035,2030,2015,2010,2005,2000,1995,1990,238,3616,6191,1344,1285,3600,7510,12673,1020,1673,39150,45633,1,
004140,091035,1525911036.565569,2050,2075,2080,2085,2090,2095,2100,2105,2110,2130,25179,400,1867,1186,112,1000,9833,7,6001,48,2045,2040,2035,2030,2015,2010,2005,2000,1995,1990,1238,3616,6191,1344,1285,3600,7510,12673,1020,1673,40150,45633,1,
004140,091037,1525911038.3183198,2050,2075,2080,2085,2090,2095,2100,2105,2110,2130,25179,400,1867,1186,112,1000,9833,7,6001,48,2045,2040,2035,2030,2015,2010,2005,2000,1995,1990,1239,3616,6191,1344,1285,3600,7510,12673,1020,1673,40151,45633,1,
004140,091042,1525911044.07973,2050,2075,2080,2085,2090,2095,2100,2105,2110,2130,24179,400,1867,1186,112,1000,9833,7,6001,48,2045,2040,2035,2030,2015,2010,2005,2000,1995,1990,1239,3616,6191,1344,1285,3600,7510,12673,1020,1673,40151,44633,1,
004140,091045,1525911046.915444,2050,2075,2080,2085,2090,2095,2100,2105,2110,2130,3272,400,1867,1186,112,1000,9833,7,6001,48,2045,2040,2035,2030,2015,2010,2005,2000,1995,1990,1239,3616,6191,1344,1285,3600,7510,12673,1020,1673,40151,23726,1,
004140,091046,1525911047.4223075,2075,2080,2085,2090,2095,2100,2105,2110,2130,2135,400,1867,1186,112,1000,9833,7,6001,48,567,2045,2040,2035,2030,2015,2010,2005,2000,1995,1990,1239,3616,6191,1344,1285,3600,7510,12673,1020,1673,40151,21021,1,
004140,091046,1525911047.9313874,2075,2080,2085,2090,2095,2100,2105,2110,2130,2135,400,1867,1186,112,1000,9833,7,6001,48,567,2045,2040,2035,2030,2015,2010,2005,2000,1995,1990,1791,3616,6191,1344,1285,3600,7510,12673,1020,1673,40703,21021,1,
004140,091047,1525911048.4937713,2075,2080,2085,2090,2095,2100,2105,2110,2130,2135,400,1867,1186,112,1000,9833,7,6001,48,567,2050,2045,2040,2035,2030,2015,2010,2005,2000,1995,876,1791,3616,6191,1344,1285,3600,7510,12673,1020,39906,21021,1,
004140,091052,1525911053.6116407,2075,2080,2085,2090,2095,2100,2105,2110,2130,2135,400,1867,1186,112,1000,9833,7,6001,48,567,2050,2045,2040,2035,2030,2015,2010,2005,2000,1995,876,1795,3612,6191,1344,1285,3600,7510,12673,1020,39906,21021,1,
004140,091054,1525911055.5259254,2075,2080,2085,2090,2095,2100,2105,2110,2130,2135,400,1867,1186,112,1000,9833,7,6001,48,567,2050,2045,2040,2035,2030,2015,2010,2005,2000,1995,876,1895,3612,6191,1344,1285,3600,7510,12673,1020,40006,21021,1,
004140,091100,1525911061.6498222,2045,2075,2080,2085,2090,2095,2100,2105,2110,2130,18136,400,1867,1186,112,1000,9833,7,6001,48,2040,2035,2030,2015,2010,2005,2000,1995,1990,1985,3612,6191,1344,1285,3600,7510,12673,1020,1673,10,38918,38590,1,
004140,091100,1525911062.1047878,2045,2075,2080,2085,2090,2095,2100,2105,2110,2130,18136,400,1867,1186,112,1000,9833,559,6001,48,2040,2035,2030,2015,2010,2005,2000,1995,1990,1985,3612,6191,1344,1285,3600,7510,12673,1020,1673,10,38918,39142,1,
004140,091114,1525911075.4329028,2045,2075,2080,2085,2090,2095,2100,2105,2110,2130,18136,400,1867,1186,112,1000,9833,559,6001,48,2040,2035,2030,2015,2010,2005,2000,1995,1990,1985,3612,6191,1344,1285,3600,7510,12673,1020,1673,10,38918,39142,1,
004140,091119,1525911080.5517993,2045,2075,2080,2085,2090,2095,2100,2105,2110,2130,18136,400,1867,1186,112,1000,9833,559,6001,48,2040,2035,2030,2015,2010,2005,2000,1995,1990,1985,3712,6191,1344,1285,3600,7510,12673,1020,1673,10,39018,39142,1,
004140,091122,1525911084.1084754,2045,2075,2080,2085,2090,2095,2100,2105,2110,2130,18136,400,1867,1186,112,1000,9833,559,6001,48,2040,2035,2030,2015,2010,2005,2000,1995,1990,1985,4712,6191,1344,1285,3600,7510,12673,1020,1673,10,40018,39142,1,
004140,091126,1525911088.0063055,2045,2075,2080,2085,2090,2095,2100,2105,2110,2130,18136,400,1867,1186,112,1000,9833,559,6001,48,2040,2035,2030,2015,2010,2005,2000,1995,1990,1985,4712,6191,1344,2285,3600,7510,12673,1020,1673,10,41018,39142,1,
004140,091132,1525911093.9447503,2045,2075,2080,2085,2090,2095,2100,2105,2110,2130,18136,400,1867,1186,112,1000,9833,559,6001,48,2040,2035,2030,2015,2010,2005,2000,1995,1990,1985,4712,6195,1344,2285,3600,7510,12673,1020,1673,10,41022,39142,1,
004140,091133,1525911094.545121,2045,2075,2080,2085,2090,2095,2100,2105,2110,2130,18136,400,1867,1186,112,1000,9833,559,6001,48,2040,2035,2030,2015,2010,2005,2000,1995,1990,1985,4712,6195,1344,2285,3600,7939,12673,1020,1673,10,41451,39142,1,
004140,091143,1525911104.1986547,2045,2075,2080,2085,2090,2095,2100,2105,2110,2130,18136,400,1867,1186,112,1000,9833,559,6001,48,2040,2035,2030,2015,2010,2005,2000,1995,1990,1985,5712,6195,1344,2285,3600,7939,12673,1020,1673,10,42451,39142,1,
004140,091154,1525911116.0216756,2045,2075,2080,2085,2090,2095,2100,2105,2110,2130,18136,400,1867,1186,112,1000,9833,559,6001,138,2040,2035,2030,2015,2010,2005,2000,1995,1990,1985,5712,6195,1344,2285,3600,7939,12673,1020,1673,10,42451,39232,1,
004140,091156,1525911117.6022716,2075,2080,2085,2090,2095,2100,2105,2110,2130,2135,400,1867,1186,112,1000,9833,559,6001,138,567,2040,2035,2030,2015,2010,2005,2000,1995,1990,1985,5712,6195,1344,2285,3600,7939,12673,1020,1673,10,42451,21663,1,
004140,091156,1525911118.103979,2075,2080,2085,2090,2095,2100,2105,2110,2130,2135,400,1867,1186,112,1000,9833,559,6001,138,567,2045,2040,2035,2030,2015,2010,2005,2000,1995,1990,1158,5712,6195,1344,2285,3600,7939,12673,1020,1673,43599,21663,1,
004140,091213,1525911134.433998,2075,2080,2085,2090,2095,2100,2105,2110,2130,2135,400,1867,1186,112,1000,9833,559,6001,138,567,2045,2040,2035,2030,2015,2010,2005,2000,1995,1990,1158,5716,6191,1344,2285,3600,7939,12673,1020,1673,43599,21663,1,
004140,091219,1525911140.6897626,2075,2080,2085,2090,2095,2100,2105,2110,2130,2135,400,1867,1186,112,1000,9833,559,6001,138,1567,2045,2040,2035,2030,2015,2010,2005,2000,1995,1990,1158,5716,6191,1344,2285,3600,7939,12673,1020,1673,43599,22663,1,
004140,091221,1525911142.227382,2080,2085,2090,2095,2100,2105,2110,2130,2135,2140,767,1186,112,1000,9833,559,6001,138,1567,383,2045,2040,2035,2030,2015,2010,2005,2000,1995,1990,1158,5716,6191,1344,2285,3600,7939,12673,1020,1673,43599,21546,1,
004140,091221,1525911142.9143355,2080,2085,2090,2095,2100,2105,2110,2130,2135,2140,767,1186,112,1000,9833,559,6001,138,1567,383,2050,2045,2040,2035,2030,2015,2010,2005,2000,1995,1174,1158,5716,6191,1344,2285,3600,7939,12673,1020,43100,21546,1,
004140,091222,1525911143.594919,2080,2085,2090,2095,2100,2105,2110,2130,2135,2140,767,1186,112,1000,9833,559,6001,138,1567,383,2055,2050,2045,2040,2035,2030,2015,2010,2005,2000,400,1174,758,5716,6191,1344,2285,3600,7939,12673,42080,21546,1,
004140,091225,1525911147.093299,2080,2085,2090,2095,2100,2105,2110,2130,2135,2140,767,1186,112,1000,9833,559,6001,138,1567,383,2055,2050,2045,2040,2035,2030,2015,2010,2005,2000,400,1174,758,5716,6191,1344,2285,3600,7939,12230,41637,21546,1,
004140,091232,1525911153.5255485,2080,2085,2090,2095,2100,2105,2110,2130,2135,2140,767,1186,112,1000,9833,559,6001,138,1567,383,2055,2050,2045,2040,2035,2030,2015,2010,2005,2000,400,1178,758,5712,6191,1344,2285,3600,7939,12230,41637,21546,1,
004140,091233,1525911155.0591764,2080,2085,2090,2095,2100,2105,2110,2130,2135,2140,767,1186,112,1000,9833,559,6001,138,1567,383,2055,2050,2045,2040,2035,2030,2015,2010,2005,2000,400,1178,958,5712,6191,1344,2285,3600,7939,12230,41837,21546,1,
004140,091246,1525911167.1210492,2075,2080,2085,2090,2095,2100,2105,2110,2130,2135,100,767,1186,112,1000,9833,559,6001,138,1567,2055,2050,2045,2040,2035,2030,2015,2010,2005,2000,400,1178,958,5712,6191,1344,2285,3600,7939,12230,41837,21263,1,
004140,091246,1525911167.683776,2075,2080,2085,2090,2095,2100,2105,2110,2130,2135,100,767,1186,112,1000,9833,559,6001,138,1567,2050,2045,2040,2035,2030,2015,2010,2005,2000,1995,811,958,5712,6191,1344,2285,3600,7939,12230,1020,42090,21263,1,
004140,091246,1525911168.1314826,2075,2080,2085,2090,2095,2100,2105,2110,2130,2135,100,767,1186,112,1000,9833,559,6001,138,1567,2050,2045,2040,2035,2030,2015,2010,2005,2000,1995,4,958,5712,6191,1344,2285,3600,7939,12230,1020,41283,21263,1,
004140,091250,1525911172.007986,2075,2080,2085,2090,2095,2100,2105,2110,2130,2135,100,767,1186,112,1000,9833,559,6001,138,1567,2050,2045,2040,2035,2030,2015,2010,2005,2000,1995,4,958,5712,6191,1344,2285,3600,7510,12230,1020,40854,21263,1,
004140,091252,1525911173.2532318,2075,2080,2085,2090,2095,2100,2105,2110,2130,2135,100,767,1186,112,1000,9833,559,6001,138,1567,2050,2045,2040,2035,2030,2015,2010,2005,2000,1995,504,958,5712,6191,1344,2285,3600,7510,12230,1020,41354,21263,1,
004140,091253,1525911174.1554916,2075,2080,2085,2090,2095,2100,2105,2110,2130,2135,100,867,1186,112,1000,9833,559,6001,138,1567,2050,2045,2040,2035,2030,2015,2010,2005,2000,1995,504,958,5712,6191,1344,2285,3600,7510,12230,1020,41354,21363,1,
004140,091258,1525911179.9130125,2075,2080,2085,2090,2095,2100,2105,2110,2130,2135,100,867,1186,212,1000,9833,559,6001,138,1567,2050,2045,2040,2035,2030,2015,2010,2005,2000,1995,504,958,5712,6191,1344,2285,3600,7510,12230,1020,41354,21463,1,
004140,091300,1525911181.3784325,2075,2080,2085,2090,2095,2100,2105,2110,2130,2135,99,867,1186,212,1000,9833,559,6001,138,1567,2050,2045,2040,2035,2030,2015,2010,2005,2000,1995,504,958,5712,6191,1344,2285,3600,7510,12230,1020,41354,21462,1,
004140,091300,1525911182.001435,2075,2080,2085,2090,2095,2100,2105,2110,2130,2135,99,5867,1186,212,1000,9833,559,6001,138,1567,2050,2045,2040,2035,2030,2015,2010,2005,2000,1995,504,958,5712,6191,1344,2285,3600,7510,12230,1020,41354,26462,1,
004140,091303,1525911184.4172807,2075,2080,2085,2090,2095,2100,2105,2110,2130,2135,99,5867,1186,212,1000,9833,559,6001,138,1567,2050,2045,2040,2035,2030,2015,2010,2005,2000,1995,504,1158,5712,6626,1344,2285,3600,7510,12230,1020,41989,26462,1,
004140,091316,1525911197.603319,2075,2080,2085,2090,2095,2100,2105,2110,2130,2135,99,5867,1186,212,1000,9833,559,6001,138,1567,2050,2045,2040,2035,2030,2015,2010,2005,2000,1995,504,1162,5712,6626,1344,2285,3600,7510,12230,1020,41993,26462,1,
004140,091328,1525911209.5285826,2075,2080,2085,2090,2095,2100,2105,2110,2130,2135,99,5867,1186,212,1000,9833,559,6001,138,1567,2050,2045,2040,2035,2030,2015,2010,2005,2000,1995,504,1162,5712,6626,1344,2285,3610,7510,12230,1020,42003,26462,1,
004140,091335,1525911216.9776084,2075,2080,2085,2090,2095,2100,2105,2110,2130,2135,99,5867,1186,212,1000,9833,559,6001,138,1567,2050,2045,2040,2035,2030,2015,2010,2005,2000,1995,504,1162,5712,6626,1344,2295,3610,7510,12230,1020,42013,26462,1,
004140,091341,1525911222.7395825,2075,2080,2085,2090,2095,2100,2105,2110,2130,2135,99,5867,1186,212,1000,9833,559,6001,138,1567,2050,2045,2040,2035,2030,2015,2010,2005,2000,1995,504,1162,5712,6626,1344,2295,3610,7510,12230,1020,42013,26462,1,
004140,091346,1525911227.525022,2075,2080,2085,2090,2095,2100,2105,2110,2130,2135,99,5867,1186,212,1000,9833,559,6001,138,1567,2050,2045,2040,2035,2030,2020,2015,2010,2005,2000,504,1162,5712,6626,1344,10,2295,3610,7510,12230,41003,26462,1,
004140,091352,1525911233.2847135,2075,2080,2085,2090,2095,2100,2105,2110,2130,2135,99,5867,1186,212,1000,9833,559,6001,138,1567,2050,2045,2040,2035,2030,2025,2020,2015,2010,2005,504,1162,5712,6626,1344,10,10,2295,3610,7510,28783,26462,1,
004140,091355,1525911236.7844906,2075,2080,2085,2090,2095,2100,2105,2110,2130,2135,99,5867,786,212,1000,9833,559,6001,138,1567,2050,2045,2040,2035,2030,2025,2020,2015,2010,2005,504,1162,5712,6626,1344,10,10,2295,3610,7510,28783,26062,1,
004140,091407,1525911248.5413,2075,2080,2085,2090,2095,2100,2105,2110,2120,2130,99,5867,786,212,1000,9833,559,6001,400,138,2050,2045,2040,2035,2030,2025,2020,2015,2010,2005,504,1162,5712,6626,1344,10,10,2295,3610,7510,28783,24895,1,
004140,091407,1525911249.1002445,2075,2080,2085,2090,2095,2100,2105,2110,2120,2130,99,5867,786,212,1000,9833,559,6001,400,138,2050,2045,2040,2035,2030,2025,2020,2015,2010,2005,534,1162,5712,6626,1344,10,10,2295,3610,7510,28813,24895,1,
004140,091409,1525911250.8466923,2075,2080,2085,2090,2095,2100,2105,2110,2120,2130,99,5867,786,212,1000,9833,559,6001,400,138,2050,2045,2040,2035,2030,2025,2020,2015,2010,2005,534,1162,5712,6626,1344,10,10,2011,3610,7510,28529,24895,1,
004140,091420,1525911262.0053747,2075,2080,2085,2090,2095,2100,2105,2110,2120,2130,99,5867,786,212,1000,9833,559,6001,400,138,2050,2045,2040,2035,2030,2025,2020,2015,2010,2005,534,6162,5712,6626,1344,10,10,2011,3610,7510,33529,24895,1,
004140,091424,1525911265.8401482,2075,2080,2085,2090,2095,2100,2105,2110,2120,2130,99,5867,786,5212,1000,9833,559,6001,400,138,2050,2045,2040,2035,2030,2025,2020,2015,2010,2005,534,6162,5712,6626,1344,10,10,2011,3610,7510,33529,29895,1,
004140,091425,1525911266.3530564,2075,2080,2085,2090,2095,2100,2105,2110,2120,2130,651,5867,786,5212,1000,9833,7,6001,400,138,2050,2045,2040,2035,2030,2025,2020,2015,2010,2005,534,6162,5712,6626,1344,10,10,2011,3610,7510,33529,29895,1,
004140,091430,1525911271.5539176,2075,2080,2085,2090,2095,2100,2105,2110,2120,2130,651,5867,786,5212,1000,9833,7,6001,400,138,2050,2045,2040,2035,2030,2025,2020,2015,2010,2005,6195,6162,5712,6626,1344,10,10,2011,3610,7510,39190,29895,1,
004140,091435,1525911277.1212938,2080,2085,2090,2095,2100,2105,2110,2120,2130,2135,5867,786,5212,1000,9833,7,6001,400,138,1567,2075,2050,2045,2040,2035,2030,2025,2020,2015,2010,434,6195,6162,5712,6626,1344,10,10,2011,3610,32114,30811,1,
004140,091441,1525911282.7042136,2075,2080,2085,2090,2095,2100,2105,2110,2120,2130,66,5867,786,5212,1000,9833,7,6001,400,138,2050,2045,2040,2035,2030,2025,2020,2015,2010,2005,6195,6162,5712,6626,1344,10,10,2011,3610,7510,39190,29310,1,
004140,091507,1525911309.0203636,2075,2080,2085,2090,2095,2100,2105,2110,2120,2130,66,5867,786,5212,1000,9833,7,6001,400,138,2050,2045,2040,2035,2030,2025,2020,2015,2010,2005,6195,6167,5712,6626,1344,10,10,2011,3610,7510,39195,29310,1,
004140,091518,1525911320.0860543,2075,2080,2085,2090,2095,2100,2105,2110,2120,2130,66,5867,786,5212,1000,9833,7,6001,400,238,2050,2045,2040,2035,2030,2025,2020,2015,2010,2005,6195,6167,5712,6626,1344,10,10,2011,3610,7510,39195,29410,1,
004140,091523,1525911324.491509,2075,2080,2085,2090,2095,2100,2105,2110,2120,2130,66,5867,786,5212,1000,9833,7,6001,400,238,2050,2045,2040,2035,2030,2025,2020,2015,2010,2005,6195,6167,5712,6626,1344,10,10,2011,3610,7510,39195,29410,1,
004140,091529,1525911330.9101613,2075,2080,2085,2090,2095,2100,2105,2110,2120,2130,66,5867,786,5212,1000,9833,7,6001,400,238,2050,2045,2040,2035,2030,2025,2020,2015,2010,2005,6195,6167,5712,6626,1344,10,10,2011,3610,7510,39195,29410,1,
004140,091533,1525911335.0743086,2075,2080,2085,2090,2095,2100,2105,2110,2120,2130,66,5867,786,5212,1000,9838,7,6001,400,238,2050,2045,2040,2035,2030,2025,2020,2015,2010,2005,6195,6167,5712,6626,1344,10,10,2011,3610,7510,39195,29415,1,
004140,091534,1525911336.0342572,2075,2080,2085,2090,2095,2100,2105,2110,2120,2130,66,5867,786,5212,1000,9838,7,6001,400,238,2050,2045,2040,2035,2030,2025,2020,2015,2010,2005,6195,6167,5712,6626,1344,10,10,2011,3610,7510,39195,29415,1,
004140,091541,1525911342.2998528,2080,2085,2090,2095,2100,2105,2110,2120,2130,2135,5867,786,5212,1000,9838,7,6001,400,238,1567,2075,2050,2045,2040,2035,2030,2025,2020,2015,2010,134,6195,6167,5712,6626,1344,10,10,2011,3610,31819,30916,1,
004140,091542,1525911343.3681798,2080,2085,2090,2095,2100,2105,2110,2120,2130,2135,5867,786,5212,1000,9838,7,6001,400,238,1567,2075,2050,2045,2040,2035,2030,2025,2020,2015,2010,134,6195,6167,5712,6626,1344,10,10,2011,3610,31819,30916,1,
004140,091549,1525911350.1412883,2080,2085,2090,2095,2100,2105,2110,2120,2130,2135,5867,786,5212,1000,9838,7,6001,400,238,1567,2075,2050,2045,2040,2035,2030,2025,2020,2015,2010,134,6195,6167,5712,6626,1344,10,10,2011,3610,31819,30916,1,
004140,091549,1525911351.0446343,2080,2085,2090,2095,2100,2105,2110,2120,2130,2135,5867,786,5212,1000,9838,7,6001,400,238,1567,2075,2055,2050,2045,2040,2035,2030,2025,2020,2015,134,3000,6195,6167,5712,6626,1344,10,10,2011,31209,30916,1,
004140,091550,1525911351.5566933,2080,2085,2090,2095,2100,2105,2110,2120,2130,2135,5867,786,5212,1000,9838,7,6001,400,238,1567,2075,2055,2050,2045,2040,2035,2030,2025,2020,2015,134,3000,6195,5719,5712,6626,1344,10,10,2011,30761,30916,1,
004140,091554,1525911355.3979106,2080,2085,2090,2095,2100,2105,2110,2120,2130,2135,867,786,5212,1000,9838,7,6001,400,238,1567,2075,2055,2050,2045,2040,2035,2030,2025,2020,2015,134,3000,6195,5719,5712,6626,1344,10,10,2011,30761,25916,1,
004140,091555,1525911357.0214987,2080,2085,2090,2095,2100,2105,2110,2120,2130,2135,867,786,5212,1000,9838,7,6001,400,238,1567,2075,2070,2055,2050,2045,2040,2035,2030,2025,2020,134,13,3000,6191,5710,5712,6626,1344,10,10,28750,25916,1,
004140,091600,1525911361.8126636,2080,2085,2090,2095,2100,2105,2110,2120,2130,2135,867,786,212,1000,9838,7,6001,400,238,1567,2075,2070,2055,2050,2045,2040,2035,2030,2025,2020,134,13,3000,6191,5710,5712,6626,1344,10,10,28750,20916,1,
004140,091620,1525911381.9726949,2080,2085,2090,2095,2100,2105,2110,2120,2130,2135,867,786,212,1000,9838,7,6001,400,238,1567,2075,2070,2060,2055,2050,2045,2040,2035,2030,2025,134,13,1100,3000,6191,5710,5712,6626,1344,10,29840,20916,1,
004140,091621,1525911382.4256017,2080,2085,2090,2095,2100,2105,2110,2120,2130,2135,867,786,212,1000,9838,7,6001,400,238,1567,2075,2070,2060,2055,2050,2045,2040,2035,2030,2025,134,13,1100,3000,6191,5400,5712,6626,1344,10,29530,20916,1,
004140,091628,1525911389.4698398,2080,2085,2090,2095,2100,2105,2110,2120,2130,2135,867,786,212,1000,14838,7,6001,400,238,1567,2075,2070,2060,2055,2050,2045,2040,2035,2030,2025,134,13,1100,3000,6191,5400,5712,6626,1344,10,29530,25916,1,
004140,091631,1525911392.28903,2080,2085,2090,2095,2100,2105,2110,2120,2130,2135,867,786,212,2000,14838,7,6001,400,238,1567,2075,2070,2060,2055,2050,2045,2040,2035,2030,2025,134,13,1100,3000,6191,5400,5712,6626,1344,10,29530,26916,1,
004140,091634,1525911395.3828113,2080,2085,2090,2095,2100,2105,2110,2120,2130,2135,867,786,212,2000,19838,7,6001,400,238,1567,2075,2070,2060,2055,2050,2045,2040,2035,2030,2025,134,13,1100,3000,6191,5400,5712,6626,1344,10,29530,31916,1,
004140,091642,1525911403.5242903,2080,2085,2090,2095,2100,2105,2110,2120,2130,2135,367,786,212,2000,19838,7,6001,400,238,1567,2075,2070,2060,2055,2050,2045,2040,2035,2030,2025,134,13,1100,3000,6191,5400,5712,6626,1344,10,29530,31416,1,
004140,091654,1525911416.0821865,2080,2085,2090,2095,2100,2105,2110,2120,2130,2135,367,786,212,1000,19838,7,6001,400,238,1567,2075,2070,2060,2055,2050,2045,2040,2035,2030,2025,134,13,1100,3000,6191,5400,5712,6626,1344,10,29530,30416,1,
004140,091656,1525911418.0116212,2080,2085,2090,2095,2100,2105,2110,2120,2130,2135,367,786,212,1000,24445,7,6001,400,238,1567,2075,2070,2060,2055,2050,2045,2040,2035,2030,2025,134,13,1100,3000,6191,5400,5712,6626,1344,10,29530,35023,1,
004140,091709,1525911430.477563,2080,2085,2090,2095,2100,2105,2110,2120,2130,2135,367,786,212,1000,24445,7,6001,400,238,1567,2075,2070,2060,2055,2050,2045,2040,2035,2030,2025,134,13,1100,3000,530,5400,5712,6626,1344,10,23869,35023,1,
004140,091712,1525911433.5817914,2080,2085,2090,2095,2100,2105,2110,2120,2130,2135,67,786,212,1000,24445,7,6001,400,238,1567,2075,2070,2060,2055,2050,2045,2040,2035,2030,2025,134,13,1100,3000,530,5400,5712,6626,1344,10,23869,34723,1,
004140,091713,1525911435.0470843,2085,2090,2095,2100,2105,2110,2120,2130,2135,2140,786,212,1000,24445,7,6001,400,238,1567,383,2080,2075,2070,2060,2055,2050,2045,2040,2035,2030,133,134,13,1100,3000,530,5400,5712,6626,1344,23992,35039,1,
004140,091714,1525911435.94803,2085,2090,2095,2100,2105,2110,2120,2130,2135,2140,786,212,1000,24445,7,6001,400,238,1567,383,2075,2070,2060,2055,2050,2045,2040,2035,2030,2025,134,13,1100,3000,530,5400,5712,6626,1344,10,23869,35039,1,
004140,091725,1525911446.7213066,2085,2090,2095,2100,2105,2110,2120,2130,2135,2140,786,212,1000,24445,7,6001,400,238,1567,383,2075,2070,2060,2055,2050,2045,2040,2035,2030,2025,1134,13,1100,3000,530,5400,5712,6626,1344,10,24869,35039,1,
004140,091728,1525911449.156246,2085,2090,2095,2100,2105,2110,2120,2130,2135,2140,786,212,1000,24445,7,6001,400,238,1567,383,2075,2070,2060,2055,2050,2045,2040,2035,2030,2025,1134,18,1100,3000,530,5400,5712,6626,1344,10,24874,35039,1,
004140,091736,1525911457.879657,2085,2090,2095,2100,2105,2110,2120,2130,2135,2140,786,212,1000,24445,7,6001,400,238,1567,459,2075,2070,2060,2055,2050,2045,2040,2035,2030,2025,1134,18,1100,3000,530,5400,5712,6626,1344,10,24874,35115,1,
004140,091745,1525911466.2344801,2085,2090,2095,2100,2105,2110,2120,2130,2135,2140,786,212,1000,24445,7,6001,400,238,1567,459,2075,2070,2060,2055,2050,2045,2040,2035,2030,2025,1134,18,1100,3000,530,5400,5712,6626,1344,10,24874,35115,1,
004140,091749,1525911470.3795977,2085,2090,2095,2100,2105,2110,2130,2135,2140,2145,786,212,1000,24445,7,6001,238,1567,459,2010,2075,2070,2060,2055,2050,2045,2040,2035,2030,2025,1134,18,1100,3000,530,5400,5712,6626,1344,10,24874,36725,1,
004140,091754,1525911476.0930524,2080,2085,2090,2095,2100,2105,2110,2130,2135,2140,10,786,212,1000,24445,7,6001,238,1567,459,2075,2070,2060,2055,2050,2045,2040,2035,2030,2025,1134,18,1100,3000,530,5400,5712,6626,1344,10,24874,34725,1,
004140,091805,1525911486.1832008,2085,2090,2095,2100,2105,2110,2130,2135,2140,2145,786,212,1000,24445,7,6001,238,1567,459,2010,2075,2070,2060,2055,2050,2045,2040,2035,2030,2025,1134,18,1100,3000,530,5400,5712,6626,1344,10,24874,36725,1,
004140,091811,1525911492.629438,2085,2090,2095,2100,2105,2110,2130,2135,2140,2145,786,212,1000,24575,7,6001,238,1567,459,2010,2075,2070,2060,2055,2050,2045,2040,2035,2030,2025,1134,18,1100,3000,530,5400,5712,6626,1344,10,24874,36855,1,
004140,091814,1525911495.2731278,2085,2090,2095,2100,2105,2110,2130,2135,2140,2145,486,212,1000,24575,7,6001,238,1567,459,2010,2075,2070,2060,2055,2050,2045,2040,2035,2030,2025,1134,18,1100,3000,530,5400,5712,6626,1344,10,24874,36555,1,
004140,091815,1525911496.619744,2085,2090,2095,2100,2105,2110,2130,2135,2140,2145,486,212,1000,24575,7,6001,238,1567,459,2010,2075,2070,2060,2055,2050,2045,2040,2035,2030,2025,1134,1147,1100,3000,530,5400,5712,6626,1344,10,26003,36555,1,
004140,091828,1525911509.5395286,2085,2090,2095,2100,2105,2110,2130,2135,2140,2145,486,612,1000,24575,7,6001,238,1567,459,2010,2075,2070,2060,2055,2050,2045,2040,2035,2030,2025,1134,1147,1100,3000,530,5400,5712,6626,1344,10,26003,36955,1,
004140,091829,1525911510.7940834,2085,2090,2095,2100,2105,2110,2130,2135,2140,2145,486,612,1000,24575,7,6001,238,1567,459,2010,2080,2075,2070,2060,2055,2050,2045,2040,2035,2030,3,1134,1147,1100,3000,530,5400,5712,6626,1344,25996,36955,1,
004140,091832,1525911513.9769468,2085,2090,2095,2100,2105,2110,2130,2135,2140,2145,486,612,1000,24575,7,6001,238,1567,459,2010,2075,2070,2060,2055,2050,2045,2040,2035,2030,2025,1134,1147,1100,3000,530,5400,5712,6626,1344,10,26003,36955,1,
004140,091841,1525911522.4104996,2085,2090,2095,2100,2105,2110,2130,2135,2140,2145,486,612,1000,24575,7,6001,238,1567,459,2010,2080,2075,2070,2060,2055,2050,2045,2040,2035,2030,8569,1134,1147,1100,3000,530,5400,5712,6626,1344,34562,36955,1,
004140,091842,1525911523.7020266,2085,2090,2095,2100,2105,2110,2130,2135,2140,2145,487,612,1000,24575,7,6001,238,1567,459,2010,2080,2075,2070,2060,2055,2050,2045,2040,2035,2030,8569,1134,1147,1100,3000,530,5400,5712,6626,1344,34562,36956,1,
004140,091843,1525911524.1441271,2085,2090,2095,2100,2105,2110,2130,2135,2140,2145,487,612,1000,24575,7,6001,238,1567,459,2010,2080,2075,2070,2060,2055,2050,2045,2040,2035,2030,8569,1134,1147,1100,3000,530,5400,5712,6626,1344,34562,36956,1,
004140,091844,1525911525.4436567,2095,2100,2105,2110,2130,2135,2140,2145,2150,2160,386,24575,7,6001,238,1567,459,2010,51503,118,2080,2075,2070,2060,2055,2050,2045,2040,2035,2030,8569,1134,1147,1100,3000,530,5400,5712,6626,1344,34562,86864,1,
004140,091852,1525911534.041384,2095,2100,2105,2110,2130,2135,2140,2145,2150,2160,386,24575,7,6001,238,1567,459,2010,51503,118,2080,2075,2070,2060,2055,2050,2045,2040,2035,2030,8569,1152,1129,1100,3000,530,5400,5712,6626,1344,34562,86864,1,
004140,091855,1525911536.9767036,2095,2100,2105,2110,2130,2135,2140,2145,2150,2160,1386,24575,7,6001,238,1567,459,2010,51503,118,2080,2075,2070,2060,2055,2050,2045,2040,2035,2030,8569,1152,1129,1100,3000,530,5400,5712,6626,1344,34562,87864,1,
004140,091907,1525911548.6264114,2095,2100,2105,2110,2130,2135,2140,2145,2150,2160,1386,24575,7,6001,238,1567,459,2010,51503,118,2080,2075,2070,2060,2055,2050,2045,2040,2035,2030,8569,1152,1129,1100,3000,530,5400,5712,6626,1344,34562,87864,1,
004140,091908,1525911549.874466,2095,2100,2105,2110,2130,2135,2140,2145,2150,2160,1386,24575,7,6001,238,1567,459,2010,51503,118,2080,2075,2060,2055,2050,2045,2040,2035,2030,2025,8569,1152,1100,3000,530,5400,5712,6626,1344,10,33443,87864,1,
004140,091918,1525911559.4265792,2095,2100,2105,2110,2130,2135,2140,2145,2150,2160,1386,24575,7,6001,238,1567,459,2010,51503,118,2080,2075,2060,2055,2050,2045,2040,2035,2030,2025,569,1152,1100,3000,530,5400,5712,6626,1344,10,25443,87864,1,
004140,091918,1525911559.8169997,2095,2100,2105,2110,2130,2135,2140,2145,2150,2160,1386,24575,7,6001,238,1567,459,2010,51503,118,2080,2075,2065,2060,2055,2050,2045,2040,2035,2030,569,1152,494,1100,3000,530,5400,5712,6626,1344,25927,87864,1,
004140,091924,1525911565.411405,2095,2100,2105,2110,2130,2135,2140,2145,2150,2160,1386,24575,7,6001,238,1567,459,2010,51503,118,2080,2075,2065,2060,2055,2050,2045,2040,2035,2030,1569,1152,494,1100,3000,530,5400,5712,6626,1344,26927,87864,1,
004140,091925,1525911566.1387186,2095,2100,2105,2110,2130,2135,2140,2145,2150,2160,1386,24575,7,6001,238,1567,459,2010,51503,118,2080,2075,2065,2060,2055,2050,2045,2040,2035,2030,2692,1152,494,1100,3000,530,5400,5712,6626,1344,28050,87864,1,
004140,091927,1525911568.7897944,2095,2100,2105,2110,2130,2135,2140,2145,2150,2160,1386,24575,7,6001,238,1567,459,2010,51503,118,2080,2075,2065,2060,2055,2050,2045,2040,2035,2030,2693,1152,494,1100,3000,530,5400,5712,6626,1344,28051,87864,1,
004140,091929,1525911570.4790235,2095,2100,2105,2110,2130,2135,2140,2145,2150,2160,1486,24575,7,6001,238,1567,459,2010,51503,118,2080,2075,2065,2060,2055,2050,2045,2040,2035,2030,2693,1152,494,1100,3000,530,5400,5712,6626,1344,28051,87964,1,
004140,091932,1525911573.301396,2095,2100,2105,2110,2130,2135,2140,2145,2150,2160,1486,24575,7,6001,238,1567,459,2010,51503,118,2080,2075,2065,2060,2055,2050,2045,2040,2035,2030,2693,1152,494,1100,3000,530,5400,5712,6626,1344,28051,87964,1,
004140,091935,1525911577.07573,2095,2100,2105,2110,2130,2135,2140,2145,2150,2160,1486,24575,7,6001,238,1567,459,2010,51503,118,2080,2075,2065,2060,2055,2050,2045,2040,2035,2030,2193,1152,494,1100,3000,530,5400,5712,6626,1344,27551,87964,1,
004140,091944,1525911585.899359,2095,2100,2105,2110,2130,2135,2140,2145,2150,2160,1486,24575,7,6001,238,1567,459,2011,51503,118,2080,2075,2065,2060,2055,2050,2045,2040,2035,2030,2193,1152,494,1100,3000,530,5400,5712,6626,1344,27551,87965,1,
004140,092003,1525911604.9269884,2095,2100,2105,2110,2130,2135,2140,2145,2150,2160,1486,24575,7,6001,238,1567,459,2011,51503,118,2085,2080,2075,2065,2060,2055,2050,2045,2040,2035,1500,2193,1152,494,1100,3000,530,5400,5712,6626,27707,87965,1,
004140,092004,1525911605.3774116,2095,2100,2105,2110,2130,2135,2140,2145,2150,2160,1486,24575,7,6001,238,1567,459,2011,51503,118,2085,2080,2075,2065,2060,2055,2050,2045,2040,2035,1500,2216,1134,494,1100,3000,530,5400,5712,6626,27712,87965,1,
004140,092004,1525911605.9394212,2095,2100,2105,2110,2130,2135,2140,2145,2150,2160,1486,24575,7,6001,238,1567,459,2011,51503,118,2080,2075,2065,2060,2055,2050,2045,2040,2035,2030,2216,1134,494,1100,3000,530,5400,5712,6626,1344,27556,87965,1,
004140,092005,1525911606.4443843,2095,2100,2105,2110,2130,2135,2140,2145,2150,2160,1495,24575,7,6001,238,1567,459,2011,51503,118,2080,2075,2065,2060,2055,2050,2045,2040,2035,2030,2216,1134,494,1100,3000,530,5400,5712,6626,1344,27556,87974,1,
004140,092009,1525911610.4522185,2095,2100,2105,2110,2130,2135,2140,2145,2150,2160,1495,24575,7,6001,238,1576,459,2011,51503,118,2080,2075,2065,2060,2055,2050,2045,2040,2035,2030,2216,1134,494,1100,3000,530,5400,5712,6626,1344,27556,87983,1,
004140,092013,1525911614.2299397,2095,2100,2105,2110,2130,2135,2140,2145,2150,2160,1495,24575,7,6001,238,1576,459,2011,51503,118,2080,2075,2065,2060,2055,2050,2045,2040,2035,2030,2216,1134,494,1100,3000,530,5400,5712,6626,1344,27556,87983,1,
004140,092015,1525911616.7743146,2095,2100,2105,2110,2130,2135,2140,2145,2150,2160,1495,24575,7,6001,238,1576,1317,2011,51503,118,2080,2075,2065,2060,2055,2050,2045,2040,2035,2030,2216,1134,494,1100,3000,530,5400,5712,6626,1344,27556,88841,1,
004140,092019,1525911620.2210913,2095,2100,2105,2110,2130,2135,2140,2145,2150,2160,1495,24575,7,6001,238,1576,1317,2011,51503,218,2080,2075,2065,2060,2055,2050,2045,2040,2035,2030,2216,1134,494,1100,3000,530,5400,5712,6626,1344,27556,88941,1,
004140,092019,1525911621.106505,2095,2100,2105,2110,2130,2135,2140,2145,2150,2160,6143,24575,7,6001,238,1576,1317,2011,51503,218,2080,2075,2065,2060,2055,2050,2045,2040,2035,2030,2216,1134,494,1100,3000,530,5400,5712,6626,1344,27556,93589,1,
004140,092022,1525911624.0403001,2095,2100,2105,2110,2130,2135,2140,2145,2150,2160,2587,24575,7,6001,238,1576,1317,2011,51503,218,2080,2075,2065,2060,2055,2050,2045,2040,2035,2030,2216,1134,494,1100,3000,530,5400,5712,6626,1344,27556,90033,1,
004140,092028,1525911629.2518733,2095,2100,2105,2110,2130,2135,2140,2145,2150,2160,2587,24575,7,6001,238,1576,1317,2011,51503,218,2080,2075,2065,2060,2055,2050,2045,2040,2035,2030,2216,1134,494,1100,3000,530,5400,5712,6626,1344,27556,90033,1,
004140,092029,1525911630.662663,2095,2100,2105,2110,2130,2135,2140,2145,2150,2160,2587,24575,7,6001,238,1576,1317,2011,51503,218,2080,2075,2065,2060,2055,2050,2045,2040,2035,2030,2216,1134,494,1100,3000,530,5400,5712,6636,1344,27566,90033,1,
004140,092031,1525911632.8267224,2095,2100,2105,2110,2130,2135,2140,2145,2150,2160,2587,24275,7,6001,238,1576,1317,2011,51503,218,2080,2075,2065,2060,2055,2050,2045,2040,2035,2030,2216,1134,494,1100,3000,530,5400,5712,6636,1344,27566,89733,1,
004140,092035,1525911636.9934936,2095,2100,2105,2110,2130,2135,2140,2145,2150,2160,2557,24275,7,6001,238,1576,1317,2011,51503,218,2080,2075,2065,2060,2055,2050,2045,2040,2035,2030,2216,1134,494,1100,3000,530,5400,5712,6636,1344,27566,89703,1,
004140,092051,1525911652.2734463,2095,2100,2105,2110,2130,2135,2140,2145,2150,2160,2557,24275,7,6001,438,1576,1317,2011,51503,218,2080,2075,2065,2060,2055,2050,2045,2040,2035,2030,8330,1134,494,1100,3000,530,5400,5712,6636,1344,33680,89903,1,
004140,092051,1525911653.000545,2095,2100,2105,2110,2130,2135,2140,2145,2150,2160,2557,24275,7,6001,438,1576,1317,2011,51503,218,2080,2075,2065,2060,2055,2050,2045,2040,2035,2030,8330,1134,494,1100,3000,530,5400,5712,6636,1344,33680,89903,1,
004140,092054,1525911655.1464093,2095,2100,2105,2110,2130,2135,2140,2145,2150,2160,2557,24145,7,6001,438,1576,1317,2011,51503,218,2080,2075,2065,2060,2055,2050,2045,2040,2035,2030,8330,1134,494,1100,3000,530,5400,5712,6636,1344,33680,89773,1,
004140,092101,1525911662.426718,2095,2100,2105,2110,2130,2135,2140,2145,2150,2160,2557,24145,7,6001,438,1576,1317,2011,51503,218,2085,2080,2075,2065,2060,2055,2050,2045,2040,2035,1,8329,1134,494,1100,3000,530,5400,5712,6636,32336,89773,1,
004140,092108,1525911669.5219336,2095,2100,2105,2110,2130,2135,2140,2145,2150,2160,2762,24145,7,6001,438,1576,1317,2011,51503,218,2085,2080,2075,2065,2060,2055,2050,2045,2040,2035,1,8329,1134,494,1100,3000,530,5400,5712,6636,32336,89978,1,
004140,092112,1525911673.6374235,2095,2100,2105,2110,2130,2135,2140,2145,2150,2160,2762,24145,7,6001,538,1576,1317,2011,51503,218,2085,2080,2075,2065,2060,2055,2050,2045,2040,2035,1,8329,1134,494,1100,3000,530,5400,5712,6636,32336,90078,1,
004140,092112,1525911674.0830112,2095,2100,2105,2110,2130,2135,2140,2145,2150,2160,2762,24145,7,6001,538,1576,1317,2011,51503,218,2085,2080,2075,2065,2060,2055,2050,2045,2040,2035,1,8329,1134,494,1100,3000,530,5400,5712,6636,32336,90078,1,
004140,092113,1525911674.5513864,2095,2100,2105,2110,2130,2135,2140,2145,2150,2160,2762,24145,7,6001,538,1576,1557,2011,51503,218,2085,2080,2075,2065,2060,2055,2050,2045,2040,2035,1,8329,1134,494,1100,3000,530,5400,5712,6636,32336,90318,1,
004140,092116,1525911677.5294535,2095,2100,2105,2110,2130,2135,2140,2145,2150,2160,2762,24145,7,6001,538,1576,1557,2011,51503,218,2080,2075,2065,2060,2055,2050,2045,2040,2035,2030,7630,1134,494,1100,3000,530,5400,5712,6636,1344,32980,90318,1,
004140,092117,1525911678.2600167,2095,2100,2105,2110,2130,2135,2140,2145,2150,2160,2762,24145,7,6001,538,1576,1557,2011,51503,218,2080,2075,2065,2060,2055,2050,2045,2040,2035,2030,7630,1140,494,1100,3000,530,5400,5712,6636,1344,32986,90318,1,
004140,092117,1525911678.484664,2085,2095,2100,2105,2110,2130,2135,2140,2145,2150,1,2762,24145,7,6001,538,1576,1557,2011,51503,2080,2075,2065,2060,2055,2050,2045,2040,2035,2030,7630,1140,494,1100,3000,530,5400,5712,6636,1344,32986,90101,1,
004140,092122,1525911683.9621718,2085,2095,2100,2105,2110,2130,2135,2140,2145,2150,1,205,24145,7,6001,538,1576,1557,2011,51503,2080,2075,2065,2060,2055,2050,2045,2040,2035,2030,7630,1140,494,1100,3000,530,5400,5712,6636,1344,32986,87544,1,
004140,092128,1525911689.321164,2095,2100,2105,2110,2130,2135,2140,2145,2150,2160,205,24145,7,6001,538,1576,1557,2011,51503,218,2080,2075,2065,2060,2055,2050,2045,2040,2035,2030,7630,1140,494,1100,3000,530,5400,5712,6636,1344,32986,87761,1,
004140,092130,1525911691.5295749,2095,2100,2105,2110,2130,2135,2140,2145,2150,2160,205,23645,7,6001,1038,1576,1557,2011,51503,218,2080,2075,2065,2060,2055,2050,2045,2040,2035,2030,7630,1140,494,1100,3000,530,5400,5712,6636,1344,32986,87761,1,
004140,092130,1525911692.0293238,2095,2100,2105,2110,2130,2135,2140,2145,2150,2160,205,23645,7,6001,1038,1576,1557,2111,51503,218,2080,2075,2065,2060,2055,2050,2045,2040,2035,2030,7630,1140,494,1100,3000,530,5400,5712,6636,1344,32986,87861,1,
004140,092133,1525911694.9047816,2095,2100,2105,2110,2130,2135,2140,2145,2150,2160,405,23645,7,6001,1038,1576,1557,2111,51503,218,2080,2075,2065,2060,2055,2050,2045,2040,2035,2030,7630,1140,494,1100,3000,530,5400,5712,6636,1344,32986,88061,1,
004140,092146,1525911707.3643699,2095,2100,2105,2110,2130,2135,2140,2145,2150,2160,405,23645,7,6001,1038,1576,1557,2111,51503,218,2085,2080,2075,2065,2060,2055,2050,2045,2040,2035,1,7630,1140,494,1100,3000,530,5400,5712,6636,31643,88061,1,
004140,092147,1525911708.4370127,2095,2100,2105,2110,2130,2135,2140,2145,2150,2160,405,23645,7,6001,1038,1576,1557,2111,51503,218,2080,2075,2065,2060,2055,2050,2045,2040,2035,2030,7630,1140,494,1100,3000,530,5400,5712,6636,1344,32986,88061,1,
004140,092151,1525911712.1809347,2100,2105,2110,2130,2135,2140,2145,2150,2160,2170,23645,7,6001,1038,1576,1557,2111,51503,218,307,2080,2075,2065,2060,2055,2050,2045,2040,2035,2030,7630,1140,494,1100,3000,530,5400,5712,6636,1344,32986,87963,1,
004140,092151,1525911712.5179834,2090,2100,2105,2110,2130,2135,2140,2145,2150,2160,30,23645,7,6001,1038,1576,1557,2111,51503,218,2080,2075,2065,2060,2055,2050,2045,2040,2035,2030,7630,1140,494,1100,3000,530,5400,5712,6636,1344,32986,87686,1,
004140,092203,1525911724.128327,2090,2100,2105,2110,2130,2135,2140,2145,2150,2160,30,23645,7,6001,1038,1576,1557,2111,51503,218,2080,2075,2065,2060,2055,2050,2045,2040,2035,2030,7630,1140,494,1150,3000,530,5400,5712,6636,1344,33036,87686,1,
004140,092208,1525911729.3736453,2090,2100,2105,2110,2130,2135,2140,2145,2150,2160,30,23645,7,6001,1038,1576,1557,2111,51503,218,2080,2075,2065,2060,2055,2050,2045,2040,2035,2030,7630,1190,494,1150,3000,530,5400,5712,6636,1344,33086,87686,1,
004140,092210,1525911732.028927,2090,2100,2105,2110,2130,2135,2140,2145,2150,2160,30,23645,7,6001,538,1576,2057,2111,51503,218,2080,2075,2065,2060,2055,2050,2045,2040,2035,2030,7630,1190,494,1150,3000,530,5400,5712,6636,1344,33086,87686,1,
004140,092216,1525911737.5689423,2090,2100,2105,2110,2130,2135,2140,2145,2150,2160,29,23645,7,6001,538,1576,2057,2111,51503,218,2080,2075,2065,2060,2055,2050,2045,2040,2035,2030,7630,1190,494,1150,3000,530,5400,5712,6636,1344,33086,87685,1,
004140,092217,1525911738.1887112,2090,2100,2105,2110,2130,2135,2140,2145,2150,2160,29,23645,7,6001,538,1576,2057,2111,51503,218,2080,2075,2065,2060,2055,2050,2045,2040,2035,2030,7630,1190,494,1150,3000,530,5400,5712,6201,1344,32651,87685,1,
004140,092236,1525911757.6530228,2090,2095,2100,2105,2110,2130,2135,2140,2145,2150,29,300,23645,7,6001,538,1576,2057,2111,51503,2080,2075,2065,2060,2055,2050,2045,2040,2035,2030,7630,1190,494,1150,3000,530,5400,5712,6201,1344,32651,87767,1,
004140,092254,1525911775.9499671,2090,2095,2100,2105,2110,2130,2135,2140,2145,2150,29,300,23645,7,6001,538,1576,2057,2111,51503,2080,2075,2065,2060,2055,2050,2045,2040,2035,2030,7630,1190,494,1150,3000,530,5400,5712,6201,1344,32651,87767,1,
004140,092256,1525911777.9769213,2090,2095,2100,2105,2110,2130,2135,2140,2145,2150,29,800,23645,7,6001,538,1576,2057,2111,51503,2080,2075,2065,2060,2055,2050,2045,2040,2035,2030,7630,1190,494,1150,3000,530,5400,5712,6201,1344,32651,88267,1,
004140,092300,1525911781.3089905,2090,2095,2100,2105,2110,2130,2135,2140,2145,2150,29,800,23645,7,6001,538,1576,2057,2111,51503,2080,2075,2065,2060,2055,2050,2045,2040,2035,2030,7630,1190,494,1150,3000,1505,5400,5712,6201,1344,33626,88267,1,
004140,092305,1525911786.673723,2090,2095,2100,2105,2110,2130,2135,2140,2145,2150,19,800,23645,7,6001,538,1576,2057,2111,51503,2080,2075,2065,2060,2055,2050,2045,2040,2035,2030,7630,1190,494,1150,3000,1505,5400,5712,6201,1344,33626,88257,1,
004140,092307,1525911788.3651793,2090,2095,2100,2105,2110,2130,2135,2140,2145,2150,19,800,23645,7,6001,538,1576,2057,2111,51503,2080,2075,2065,2060,2055,2050,2045,2040,2035,2030,7630,1190,494,1150,3000,1505,5400,5712,6201,1344,33626,88257,1,
004140,092309,1525911790.722247,2090,2095,2100,2105,2110,2130,2135,2140,2145,2150,2,800,23645,7,6001,538,1576,2057,2111,51503,2080,2075,2065,2060,2055,2050,2045,2040,2035,2030,7630,1190,494,1150,3000,1505,5400,5712,6201,1344,33626,88240,1,
004140,092315,1525911796.71447,2090,2095,2100,2105,2110,2130,2135,2140,2145,2150,2,800,23645,7,6001,538,1576,2057,2111,51503,2080,2075,2065,2060,2055,2050,2045,2040,2035,2030,7635,1190,494,1150,3000,1505,5400,5712,6201,1344,33631,88240,1,
004140,092316,1525911797.2229393,2095,2100,2105,2110,2130,2135,2140,2145,2150,2160,800,23645,7,6001,538,1576,2057,2111,51503,218,2090,2080,2075,2065,2060,2055,2050,2045,2040,2035,18,7635,1190,494,1150,3000,1505,5400,5712,6201,32305,88456,1,
004140,092319,1525911800.617294,2095,2100,2105,2110,2130,2135,2140,2145,2150,2160,800,23645,7,6001,538,1576,2057,2111,51503,218,2090,2085,2080,2075,2065,2060,2055,2050,2045,2040,18,29,7612,1184,494,1150,3000,1505,5400,5712,26104,88456,1,
004140,092322,1525911804.0544238,2095,2100,2105,2110,2130,2135,2140,2145,2150,2160,1300,23645,7,6001,538,1576,2057,2111,51503,218,2090,2085,2080,2075,2065,2060,2055,2050,2045,2040,18,29,7612,1184,494,1150,3000,1505,5400,5712,26104,88956,1,
004140,092338,1525911819.3171613,2095,2100,2105,2110,2130,2135,2140,2145,2150,2160,1300,23645,7,6001,538,1576,2057,2111,51503,218,2090,2085,2080,2075,2065,2060,2055,2050,2045,2040,18,33,7612,1184,494,1150,3000,1505,5400,5712,26108,88956,1,
004140,092351,1525911832.284021,2095,2100,2105,2110,2130,2135,2140,2145,2150,2160,1276,23645,7,6001,538,1576,2057,2111,51503,218,2090,2085,2080,2075,2065,2060,2055,2050,2045,2040,18,33,7612,1184,494,1150,3000,1505,5400,5712,26108,88932,1,
004140,092412,1525911853.3842266,2095,2100,2105,2110,2130,2135,2140,2145,2150,2160,1376,23645,7,6001,538,1576,2057,2111,51503,218,2090,2085,2080,2075,2065,2060,2055,2050,2045,2040,18,33,7612,1184,494,1150,3000,1505,5400,5712,26108,89032,1,
004140,092422,1525911863.4788055,2095,2100,2105,2110,2130,2135,2140,2145,2150,2160,576,23645,7,6001,538,1576,2057,2111,51503,218,2090,2085,2080,2075,2065,2060,2055,2050,2045,2040,18,33,7612,1184,494,1150,3000,1505,5400,5712,26108,88232,1,
