001140,083028,1525908629.222288,12650,12750,12800,0,0,0,0,0,0,0,1,80,255,0,0,0,0,0,0,0,12500,12400,12300,0,0,0,0,0,0,0,70,130,600,0,0,0,0,0,0,0,0,0,3,
001140,083034,1525908635.7210069,12650,12750,12800,0,0,0,0,0,0,0,1,80,255,0,0,0,0,0,0,0,12500,12400,12300,0,0,0,0,0,0,0,70,130,600,0,0,0,0,0,0,0,0,0,3,
001140,083040,1525908641.5783153,12650,12750,12800,0,0,0,0,0,0,0,1,80,255,0,0,0,0,0,0,0,12500,12400,12300,0,0,0,0,0,0,0,70,130,600,0,0,0,0,0,0,0,0,0,3,
001140,083100,1525908662.0269532,12650,12750,12800,0,0,0,0,0,0,0,1,80,255,0,0,0,0,0,0,0,12500,12400,12300,0,0,0,0,0,0,0,90,130,600,0,0,0,0,0,0,0,0,0,3,
001140,083214,1525908735.2667031,12650,12750,12800,0,0,0,0,0,0,0,1,80,255,0,0,0,0,0,0,0,12500,12400,12300,0,0,0,0,0,0,0,90,130,600,0,0,0,0,0,0,0,0,0,3,
001140,083241,1525908762.3860068,12650,12750,12800,0,0,0,0,0,0,0,1,80,255,0,0,0,0,0,0,0,12500,12400,12300,0,0,0,0,0,0,0,90,130,600,0,0,0,0,0,0,0,0,0,3,
001140,083308,1525908789.4654696,12650,12750,12800,0,0,0,0,0,0,0,1,80,255,0,0,0,0,0,0,0,12500,12400,12300,0,0,0,0,0,0,0,90,630,100,0,0,0,0,0,0,0,0,0,3,
001140,083319,1525908800.6121626,12650,12750,12800,0,0,0,0,0,0,0,1,80,255,0,0,0,0,0,0,0,12500,12400,12300,0,0,0,0,0,0,0,90,630,200,0,0,0,0,0,0,0,0,0,3,
001140,083336,1525908817.4558465,12650,12750,12800,0,0,0,0,0,0,0,1,80,255,0,0,0,0,0,0,0,12500,12450,12400,0,0,0,0,0,0,0,90,150,630,0,0,0,0,0,0,0,0,0,3,
001140,083342,1525908823.4191358,12650,12750,12800,0,0,0,0,0,0,0,1,80,255,0,0,0,0,0,0,0,12500,12450,12400,0,0,0,0,0,0,0,90,150,130,0,0,0,0,0,0,0,0,0,3,
001140,083347,1525908828.9725661,12650,12750,12800,0,0,0,0,0,0,0,1,80,255,0,0,0,0,0,0,0,12500,12450,12400,0,0,0,0,0,0,0,90,150,130,0,0,0,0,0,0,0,0,0,3,
001140,083352,1525908833.7114737,12650,12750,12800,0,0,0,0,0,0,0,1,80,255,0,0,0,0,0,0,0,12500,12450,12400,0,0,0,0,0,0,0,90,150,130,0,0,0,0,0,0,0,0,0,3,
001140,083358,1525908839.5229578,12650,12750,12800,0,0,0,0,0,0,0,1,80,255,0,0,0,0,0,0,0,12500,12450,12400,0,0,0,0,0,0,0,90,150,130,0,0,0,0,0,0,0,0,0,3,
001140,083402,1525908844.0014586,12650,12750,12800,0,0,0,0,0,0,0,1,80,255,0,0,0,0,0,0,0,12500,12450,12400,0,0,0,0,0,0,0,90,150,200,0,0,0,0,0,0,0,0,0,3,
001140,083407,1525908848.216089,12650,12750,12800,0,0,0,0,0,0,0,1,80,255,0,0,0,0,0,0,0,12500,12450,12400,0,0,0,0,0,0,0,90,150,211,0,0,0,0,0,0,0,0,0,3,
001140,083424,1525908866.0712984,12650,12750,12800,0,0,0,0,0,0,0,1,80,255,0,0,0,0,0,0,0,12500,12450,12400,0,0,0,0,0,0,0,90,150,211,0,0,0,0,0,0,0,0,0,3,
001140,083438,1525908879.3995168,12650,12750,12800,0,0,0,0,0,0,0,1,80,255,0,0,0,0,0,0,0,12500,12450,12400,0,0,0,0,0,0,0,90,150,211,0,0,0,0,0,0,0,0,0,3,
001140,083439,1525908880.746727,12650,12750,12800,0,0,0,0,0,0,0,1,80,255,0,0,0,0,0,0,0,12500,12450,12400,0,0,0,0,0,0,0,90,150,211,0,0,0,0,0,0,0,0,0,3,
001140,083445,1525908886.4802942,12650,12750,12800,0,0,0,0,0,0,0,1,80,255,0,0,0,0,0,0,0,12500,12450,12400,0,0,0,0,0,0,0,90,150,211,0,0,0,0,0,0,0,0,0,3,
001140,083546,1525908947.814461,12650,12750,12800,0,0,0,0,0,0,0,1,80,255,0,0,0,0,0,0,0,12500,12450,12400,0,0,0,0,0,0,0,90,150,311,0,0,0,0,0,0,0,0,0,3,
001140,083604,1525908965.6296,12650,12750,12800,0,0,0,0,0,0,0,1,80,255,0,0,0,0,0,0,0,12500,12450,12400,0,0,0,0,0,0,0,90,250,311,0,0,0,0,0,0,0,0,0,3,
001140,083621,1525908982.153743,12650,12750,12800,0,0,0,0,0,0,0,1,80,255,0,0,0,0,0,0,0,12500,12450,12400,0,0,0,0,0,0,0,170,250,311,0,0,0,0,0,0,0,0,0,3,
001140,083711,1525909032.2792377,12650,12750,12800,0,0,0,0,0,0,0,1,80,255,0,0,0,0,0,0,0,12500,12450,12400,0,0,0,0,0,0,0,170,250,311,0,0,0,0,0,0,0,0,0,3,
001140,083718,1525909039.6882653,12650,12750,12800,0,0,0,0,0,0,0,1,80,255,0,0,0,0,0,0,0,12500,12450,12400,0,0,0,0,0,0,0,170,250,311,0,0,0,0,0,0,0,0,0,3,
001140,083909,1525909150.469007,12650,12750,12800,0,0,0,0,0,0,0,1,80,255,0,0,0,0,0,0,0,12500,12450,12400,0,0,0,0,0,0,0,170,250,311,0,0,0,0,0,0,0,0,0,3,
001140,083918,1525909159.6396642,12650,12750,12800,0,0,0,0,0,0,0,1,80,255,0,0,0,0,0,0,0,12500,12450,12400,0,0,0,0,0,0,0,170,250,311,0,0,0,0,0,0,0,0,0,3,
001140,083921,1525909162.8334155,12650,12750,12800,0,0,0,0,0,0,0,1,80,255,0,0,0,0,0,0,0,12500,12450,12400,0,0,0,0,0,0,0,170,250,311,0,0,0,0,0,0,0,0,0,3,
001140,083938,1525909179.1965375,12650,12750,12800,0,0,0,0,0,0,0,1,80,255,0,0,0,0,0,0,0,12500,12450,12400,0,0,0,0,0,0,0,270,250,311,0,0,0,0,0,0,0,0,0,3,
001140,083938,1525909179.7305408,12650,12750,12800,0,0,0,0,0,0,0,1,80,255,0,0,0,0,0,0,0,12500,12450,12400,0,0,0,0,0,0,0,270,250,311,0,0,0,0,0,0,0,0,0,3,
001140,083944,1525909186.125352,12650,12750,12800,0,0,0,0,0,0,0,1,80,255,0,0,0,0,0,0,0,12500,12450,12400,0,0,0,0,0,0,0,281,250,311,0,0,0,0,0,0,0,0,0,3,
001140,083955,1525909196.8392599,12650,12750,12800,0,0,0,0,0,0,0,1,80,255,0,0,0,0,0,0,0,12500,12450,12400,0,0,0,0,0,0,0,281,250,311,0,0,0,0,0,0,0,0,0,3,
001140,084210,1525909332.1256378,12650,12750,12800,0,0,0,0,0,0,0,1,80,255,0,0,0,0,0,0,0,12500,12450,12400,0,0,0,0,0,0,0,281,250,316,0,0,0,0,0,0,0,0,0,3,
001140,084215,1525909336.7139328,12650,12750,12800,0,0,0,0,0,0,0,1,80,255,0,0,0,0,0,0,0,12500,12450,12400,0,0,0,0,0,0,0,281,250,316,0,0,0,0,0,0,0,0,0,3,
001140,084218,1525909340.1253276,12650,12750,12800,0,0,0,0,0,0,0,1,80,255,0,0,0,0,0,0,0,12500,12450,12400,0,0,0,0,0,0,0,281,250,316,0,0,0,0,0,0,0,0,0,3,
001140,084236,1525909358.0022297,12650,12750,12800,0,0,0,0,0,0,0,1,80,255,0,0,0,0,0,0,0,12500,12450,12400,0,0,0,0,0,0,0,281,250,316,0,0,0,0,0,0,0,0,0,3,
001140,084411,1525909452.4176292,12650,12750,12800,0,0,0,0,0,0,0,1,80,255,0,0,0,0,0,0,0,12500,12450,12400,0,0,0,0,0,0,0,281,250,316,0,0,0,0,0,0,0,0,0,3,
001140,084431,1525909472.6814482,12650,12750,12800,0,0,0,0,0,0,0,1,80,255,0,0,0,0,0,0,0,12500,12450,12400,0,0,0,0,0,0,0,281,250,316,0,0,0,0,0,0,0,0,0,3,
001140,084451,1525909492.9098876,12650,12750,12800,0,0,0,0,0,0,0,1,80,255,0,0,0,0,0,0,0,12500,12450,12400,0,0,0,0,0,0,0,281,250,316,0,0,0,0,0,0,0,0,0,3,
001140,084530,1525909531.8605857,12650,12750,12800,0,0,0,0,0,0,0,1,80,255,0,0,0,0,0,0,0,12500,12450,12400,0,0,0,0,0,0,0,388,250,316,0,0,0,0,0,0,0,0,0,3,
001140,084619,1525909580.8910522,12650,12750,12800,0,0,0,0,0,0,0,1,80,255,0,0,0,0,0,0,0,12500,12450,12400,0,0,0,0,0,0,0,391,250,316,0,0,0,0,0,0,0,0,0,3,
001140,084637,1525909598.258487,12650,12750,12800,0,0,0,0,0,0,0,1,80,255,0,0,0,0,0,0,0,12500,12450,12400,0,0,0,0,0,0,0,391,250,316,0,0,0,0,0,0,0,0,0,3,
001140,084646,1525909607.4445722,12650,12750,12800,0,0,0,0,0,0,0,1,80,255,0,0,0,0,0,0,0,12500,12450,12400,0,0,0,0,0,0,0,391,250,316,0,0,0,0,0,0,0,0,0,3,
001140,084653,1525909615.0791593,12650,12750,12800,0,0,0,0,0,0,0,1,80,255,0,0,0,0,0,0,0,12500,12450,12400,0,0,0,0,0,0,0,391,250,316,0,0,0,0,0,0,0,0,0,3,
001140,084712,1525909633.8248737,12650,12750,12800,0,0,0,0,0,0,0,1,80,255,0,0,0,0,0,0,0,12500,12450,12400,0,0,0,0,0,0,0,391,250,316,0,0,0,0,0,0,0,0,0,3,
001140,084718,1525909639.3254714,12650,12750,12800,0,0,0,0,0,0,0,1,80,255,0,0,0,0,0,0,0,12500,12450,12400,0,0,0,0,0,0,0,391,250,316,0,0,0,0,0,0,0,0,0,3,
001140,084725,1525909647.1261811,12650,12750,12800,0,0,0,0,0,0,0,1,80,255,0,0,0,0,0,0,0,12500,12450,12400,0,0,0,0,0,0,0,391,250,316,0,0,0,0,0,0,0,0,0,3,
001140,084749,1525909671.050278,12650,12750,12800,0,0,0,0,0,0,0,1,80,255,0,0,0,0,0,0,0,12500,12450,12400,0,0,0,0,0,0,0,391,250,316,0,0,0,0,0,0,0,0,0,3,
001140,084858,1525909739.8198395,12650,12750,12800,0,0,0,0,0,0,0,1,80,255,0,0,0,0,0,0,0,12500,12450,12400,0,0,0,0,0,0,0,391,250,316,0,0,0,0,0,0,0,0,0,3,
001140,084913,1525909754.19839,12650,12750,12800,0,0,0,0,0,0,0,1,80,255,0,0,0,0,0,0,0,12500,12450,12400,0,0,0,0,0,0,0,392,250,316,0,0,0,0,0,0,0,0,0,3,
001140,084913,1525909754.4256566,12650,12750,12800,0,0,0,0,0,0,0,1,80,255,0,0,0,0,0,0,0,12500,12450,12400,0,0,0,0,0,0,0,392,250,316,0,0,0,0,0,0,0,0,0,3,
001140,084918,1525909759.4739606,12650,12750,12800,0,0,0,0,0,0,0,1,80,255,0,0,0,0,0,0,0,12500,12450,12400,0,0,0,0,0,0,0,392,250,516,0,0,0,0,0,0,0,0,0,3,
001140,084920,1525909761.6228046,12900,13050,13100,0,0,0,0,0,0,0,212,325,100,0,0,0,0,0,0,0,12650,12550,12500,0,0,0,0,0,0,0,12,138,413,0,0,0,0,0,0,0,0,0,3,
001140,084951,1525909792.339436,12900,13050,13100,0,0,0,0,0,0,0,212,325,100,0,0,0,0,0,0,0,12650,12550,12500,0,0,0,0,0,0,0,11,138,413,0,0,0,0,0,0,0,0,0,3,
001140,085004,1525909805.4717796,12900,13050,13100,0,0,0,0,0,0,0,212,325,100,0,0,0,0,0,0,0,12650,12550,12500,0,0,0,0,0,0,0,139,138,413,0,0,0,0,0,0,0,0,0,3,
001140,085017,1525909818.8448873,12900,13050,13100,0,0,0,0,0,0,0,212,325,100,0,0,0,0,0,0,0,12650,12550,12500,0,0,0,0,0,0,0,139,138,483,0,0,0,0,0,0,0,0,0,3,
001140,085018,1525909819.6532457,12900,13050,13100,0,0,0,0,0,0,0,212,325,100,0,0,0,0,0,0,0,12650,12550,12500,0,0,0,0,0,0,0,139,372,483,0,0,0,0,0,0,0,0,0,3,
001140,085021,1525909822.1823456,12900,13050,13100,0,0,0,0,0,0,0,212,325,100,0,0,0,0,0,0,0,12650,12550,12500,0,0,0,0,0,0,0,139,727,483,0,0,0,0,0,0,0,0,0,3,
001140,085033,1525909834.4275224,12900,13050,13100,0,0,0,0,0,0,0,212,325,100,0,0,0,0,0,0,0,12650,12550,12500,0,0,0,0,0,0,0,139,1027,483,0,0,0,0,0,0,0,0,0,3,
001140,085034,1525909835.445168,12900,13050,13100,0,0,0,0,0,0,0,212,325,100,0,0,0,0,0,0,0,12650,12550,12500,0,0,0,0,0,0,0,139,1027,521,0,0,0,0,0,0,0,0,0,3,
001140,085045,1525909846.7574701,12900,13050,13100,0,0,0,0,0,0,0,212,325,100,0,0,0,0,0,0,0,12650,12550,12500,0,0,0,0,0,0,0,139,1027,521,0,0,0,0,0,0,0,0,0,3,
001140,085055,1525909856.7233965,12900,13050,13100,0,0,0,0,0,0,0,212,325,100,0,0,0,0,0,0,0,12650,12550,12500,0,0,0,0,0,0,0,139,1027,521,0,0,0,0,0,0,0,0,0,3,
001140,085100,1525909861.3267543,12900,13050,13100,0,0,0,0,0,0,0,212,325,100,0,0,0,0,0,0,0,12650,12550,12500,0,0,0,0,0,0,0,139,1027,521,0,0,0,0,0,0,0,0,0,3,
001140,085118,1525909879.4225588,12900,13000,13050,0,0,0,0,0,0,0,212,83,325,0,0,0,0,0,0,0,12650,12550,12500,0,0,0,0,0,0,0,139,1027,521,0,0,0,0,0,0,0,0,0,3,
001140,085118,1525909879.5291035,12800,12900,13000,0,0,0,0,0,0,0,8,314,83,0,0,0,0,0,0,0,12650,12550,12500,0,0,0,0,0,0,0,139,1027,521,0,0,0,0,0,0,0,0,0,3,
001140,085124,1525909885.539473,12800,12900,13000,0,0,0,0,0,0,0,8,314,83,0,0,0,0,0,0,0,12650,12550,12500,0,0,0,0,0,0,0,139,1027,521,0,0,0,0,0,0,0,0,0,3,
001140,085128,1525909889.925811,12800,12900,13000,0,0,0,0,0,0,0,8,314,83,0,0,0,0,0,0,0,12650,12550,12500,0,0,0,0,0,0,0,139,1027,521,0,0,0,0,0,0,0,0,0,3,
001140,085147,1525909909.062698,12800,12900,13000,0,0,0,0,0,0,0,7,314,83,0,0,0,0,0,0,0,12650,12550,12500,0,0,0,0,0,0,0,139,1027,521,0,0,0,0,0,0,0,0,0,3,
001140,085158,1525909919.508406,12800,12900,13000,0,0,0,0,0,0,0,7,314,83,0,0,0,0,0,0,0,12650,12550,12500,0,0,0,0,0,0,0,139,1027,521,0,0,0,0,0,0,0,0,0,3,
001140,085234,1525909955.444979,12800,12900,13000,0,0,0,0,0,0,0,7,314,83,0,0,0,0,0,0,0,12650,12550,12500,0,0,0,0,0,0,0,139,1027,521,0,0,0,0,0,0,0,0,0,3,
001140,085341,1525910022.9735532,12800,12900,13000,0,0,0,0,0,0,0,7,314,83,0,0,0,0,0,0,0,12650,12550,12500,0,0,0,0,0,0,0,139,1027,521,0,0,0,0,0,0,0,0,0,3,
001140,085404,1525910045.6829906,12800,12900,13000,0,0,0,0,0,0,0,7,314,83,0,0,0,0,0,0,0,12650,12550,12500,0,0,0,0,0,0,0,139,1027,521,0,0,0,0,0,0,0,0,0,3,
001140,085444,1525910085.2849202,12800,12900,13000,0,0,0,0,0,0,0,7,314,149,0,0,0,0,0,0,0,12650,12550,12500,0,0,0,0,0,0,0,139,1027,521,0,0,0,0,0,0,0,0,0,3,
001140,085502,1525910104.0461948,12800,12900,13000,0,0,0,0,0,0,0,7,314,149,0,0,0,0,0,0,0,12650,12550,12500,0,0,0,0,0,0,0,139,1027,521,0,0,0,0,0,0,0,0,0,3,
001140,085518,1525910119.4266791,12800,12900,13000,0,0,0,0,0,0,0,7,314,149,0,0,0,0,0,0,0,12650,12550,12500,0,0,0,0,0,0,0,139,1027,521,0,0,0,0,0,0,0,0,0,3,
001140,085558,1525910159.3688157,12800,12900,13000,0,0,0,0,0,0,0,7,314,149,0,0,0,0,0,0,0,12650,12550,12500,0,0,0,0,0,0,0,139,1027,421,0,0,0,0,0,0,0,0,0,3,
001140,085603,1525910165.0170875,12800,12900,13000,0,0,0,0,0,0,0,7,314,149,0,0,0,0,0,0,0,12650,12550,12500,0,0,0,0,0,0,0,139,1027,421,0,0,0,0,0,0,0,0,0,3,
001140,085638,1525910200.0300443,12800,12900,13000,0,0,0,0,0,0,0,7,314,149,0,0,0,0,0,0,0,12650,12550,12500,0,0,0,0,0,0,0,139,1027,421,0,0,0,0,0,0,0,0,0,3,
001140,085645,1525910206.2386127,12800,12900,13000,0,0,0,0,0,0,0,157,314,149,0,0,0,0,0,0,0,12650,12550,12500,0,0,0,0,0,0,0,139,1027,421,0,0,0,0,0,0,0,0,0,3,
001140,085647,1525910208.2297738,12800,12900,13000,0,0,0,0,0,0,0,157,314,149,0,0,0,0,0,0,0,12650,12550,12500,0,0,0,0,0,0,0,139,1027,421,0,0,0,0,0,0,0,0,0,3,
001140,085700,1525910221.4526787,12800,12850,12900,0,0,0,0,0,0,0,7,150,314,0,0,0,0,0,0,0,12650,12550,12500,0,0,0,0,0,0,0,139,1027,421,0,0,0,0,0,0,0,0,0,3,
001140,085721,1525910242.4930809,12800,12850,12900,0,0,0,0,0,0,0,7,150,314,0,0,0,0,0,0,0,12650,12550,12500,0,0,0,0,0,0,0,139,1027,421,0,0,0,0,0,0,0,0,0,3,
001140,085729,1525910250.2280545,12800,12850,12900,0,0,0,0,0,0,0,7,150,314,0,0,0,0,0,0,0,12650,12550,12500,0,0,0,0,0,0,0,139,1027,421,0,0,0,0,0,0,0,0,0,3,
001140,085739,1525910260.8448966,12800,12850,12900,0,0,0,0,0,0,0,7,150,314,0,0,0,0,0,0,0,12650,12550,12500,0,0,0,0,0,0,0,139,1027,421,0,0,0,0,0,0,0,0,0,3,
001140,085746,1525910267.5305734,12800,12850,12900,0,0,0,0,0,0,0,7,150,314,0,0,0,0,0,0,0,12650,12550,12500,0,0,0,0,0,0,0,139,1027,421,0,0,0,0,0,0,0,0,0,3,
001140,085753,1525910274.373718,12800,12850,12900,0,0,0,0,0,0,0,7,150,314,0,0,0,0,0,0,0,12650,12550,12500,0,0,0,0,0,0,0,139,1027,421,0,0,0,0,0,0,0,0,0,3,
001140,085759,1525910280.2473717,12800,12850,12900,0,0,0,0,0,0,0,7,150,314,0,0,0,0,0,0,0,12650,12550,12500,0,0,0,0,0,0,0,139,1027,421,0,0,0,0,0,0,0,0,0,3,
001140,085811,1525910293.023697,12800,12850,12900,0,0,0,0,0,0,0,17,150,314,0,0,0,0,0,0,0,12650,12550,12500,0,0,0,0,0,0,0,139,1027,421,0,0,0,0,0,0,0,0,0,3,
001140,085815,1525910296.5908835,12800,12850,12900,0,0,0,0,0,0,0,17,150,314,0,0,0,0,0,0,0,12650,12550,12500,0,0,0,0,0,0,0,139,1027,421,0,0,0,0,0,0,0,0,0,3,
001140,085817,1525910298.430299,12800,12850,12900,0,0,0,0,0,0,0,7,150,314,0,0,0,0,0,0,0,12650,12550,12500,0,0,0,0,0,0,0,139,1027,421,0,0,0,0,0,0,0,0,0,3,
001140,085817,1525910298.9159856,12800,12850,12900,0,0,0,0,0,0,0,7,150,314,0,0,0,0,0,0,0,12650,12550,12500,0,0,0,0,0,0,0,139,1027,421,0,0,0,0,0,0,0,0,0,3,
001140,085819,1525910301.1323395,12800,12850,12900,0,0,0,0,0,0,0,7,155,314,0,0,0,0,0,0,0,12650,12550,12500,0,0,0,0,0,0,0,139,1027,421,0,0,0,0,0,0,0,0,0,3,
001140,085820,1525910301.6728976,12800,12850,12900,0,0,0,0,0,0,0,7,155,314,0,0,0,0,0,0,0,12650,12550,12500,0,0,0,0,0,0,0,139,1027,421,0,0,0,0,0,0,0,0,0,3,
001140,085826,1525910307.2058635,12800,12850,12900,0,0,0,0,0,0,0,46,155,314,0,0,0,0,0,0,0,12650,12550,12500,0,0,0,0,0,0,0,139,1027,421,0,0,0,0,0,0,0,0,0,3,
001140,085828,1525910309.4234688,12800,12850,12900,0,0,0,0,0,0,0,46,155,314,0,0,0,0,0,0,0,12650,12550,12500,0,0,0,0,0,0,0,139,1027,341,0,0,0,0,0,0,0,0,0,3,
001140,085835,1525910316.154795,12800,12850,12900,0,0,0,0,0,0,0,81,155,314,0,0,0,0,0,0,0,12650,12550,12500,0,0,0,0,0,0,0,139,1027,341,0,0,0,0,0,0,0,0,0,3,
001140,085856,1525910337.9351509,12800,12850,12900,0,0,0,0,0,0,0,81,155,314,0,0,0,0,0,0,0,12650,12600,12550,0,0,0,0,0,0,0,139,180,1027,0,0,0,0,0,0,0,0,0,3,
001140,085858,1525910339.837764,12800,12850,12900,0,0,0,0,0,0,0,81,155,314,0,0,0,0,0,0,0,12650,12600,12550,0,0,0,0,0,0,0,139,180,1027,0,0,0,0,0,0,0,0,0,3,
001140,085916,1525910357.1743639,12800,12850,12900,0,0,0,0,0,0,0,81,155,314,0,0,0,0,0,0,0,12650,12600,12550,0,0,0,0,0,0,0,139,180,1027,0,0,0,0,0,0,0,0,0,3,
001140,085917,1525910358.7503798,12800,12850,12900,0,0,0,0,0,0,0,81,155,314,0,0,0,0,0,0,0,12650,12600,12550,0,0,0,0,0,0,0,139,1180,1027,0,0,0,0,0,0,0,0,0,3,
001140,085926,1525910367.5413666,12800,12850,12900,0,0,0,0,0,0,0,81,155,380,0,0,0,0,0,0,0,12650,12600,12550,0,0,0,0,0,0,0,139,1180,1027,0,0,0,0,0,0,0,0,0,3,
001140,085931,1525910372.3240325,12800,12850,12900,0,0,0,0,0,0,0,81,155,380,0,0,0,0,0,0,0,12700,12650,12600,0,0,0,0,0,0,0,300,139,1180,0,0,0,0,0,0,0,0,0,3,
001140,085932,1525910373.800771,12800,12850,12900,0,0,0,0,0,0,0,81,155,380,0,0,0,0,0,0,0,12700,12650,12600,0,0,0,0,0,0,0,300,139,1180,0,0,0,0,0,0,0,0,0,3,
001140,085937,1525910378.3460033,12800,12850,12900,0,0,0,0,0,0,0,81,155,380,0,0,0,0,0,0,0,12700,12650,12600,0,0,0,0,0,0,0,300,239,1180,0,0,0,0,0,0,0,0,0,3,
001140,085938,1525910379.4985502,12800,12850,12900,0,0,0,0,0,0,0,81,155,380,0,0,0,0,0,0,0,12700,12650,12600,0,0,0,0,0,0,0,300,239,1180,0,0,0,0,0,0,0,0,0,3,
001140,085940,1525910381.1979246,12850,12900,13000,0,0,0,0,0,0,0,155,380,510,0,0,0,0,0,0,0,12800,12700,12650,0,0,0,0,0,0,0,139,300,239,0,0,0,0,0,0,0,0,0,3,
001140,085940,1525910382.5030107,12850,12900,13000,0,0,0,0,0,0,0,155,380,510,0,0,0,0,0,0,0,12800,12700,12650,0,0,0,0,0,0,0,159,300,239,0,0,0,0,0,0,0,0,0,3,
001140,085946,1525910387.6615283,12900,13000,13050,0,0,0,0,0,0,0,380,510,325,0,0,0,0,0,0,0,12850,12800,12700,0,0,0,0,0,0,0,3,221,300,0,0,0,0,0,0,0,0,0,3,
001140,085951,1525910392.8401246,12850,12900,13000,0,0,0,0,0,0,0,97,380,510,0,0,0,0,0,0,0,12800,12700,12650,0,0,0,0,0,0,0,221,300,239,0,0,0,0,0,0,0,0,0,3,
001140,085956,1525910398.0381184,12850,12900,13000,0,0,0,0,0,0,0,188,380,510,0,0,0,0,0,0,0,12800,12700,12650,0,0,0,0,0,0,0,193,300,239,0,0,0,0,0,0,0,0,0,3,
001140,085958,1525910399.6821313,12850,12900,13000,0,0,0,0,0,0,0,188,380,510,0,0,0,0,0,0,0,12800,12700,12650,0,0,0,0,0,0,0,193,300,239,0,0,0,0,0,0,0,0,0,3,
001140,085959,1525910401.047762,12800,12850,12900,0,0,0,0,0,0,0,107,188,380,0,0,0,0,0,0,0,12700,12650,12600,0,0,0,0,0,0,0,300,239,1180,0,0,0,0,0,0,0,0,0,3,
001140,090000,1525910402.038859,12800,12850,12900,0,0,0,0,0,0,0,106,188,380,0,0,0,0,0,0,0,12700,12650,12600,0,0,0,0,0,0,0,300,239,1180,0,0,0,0,0,0,0,0,0,3,
001140,090010,1525910411.8058271,12800,12850,12900,13000,13050,13100,13150,13200,13350,13400,106,188,380,510,325,100,151,3,50,400,12700,12650,12600,12550,12500,12400,12300,12200,12100,12050,300,242,1180,1027,841,135,100,210,13,205,4253,2213,1,
001140,090013,1525910414.2229066,12800,12850,12900,13000,13050,13100,13150,13200,13350,13400,106,188,380,510,325,100,151,3,50,400,12650,12600,12550,12500,12400,12300,12200,12100,12050,11800,242,1180,1027,841,135,100,210,13,205,2,3955,2213,1,
001140,090014,1525910415.2821875,12800,12850,12900,13000,13050,13100,13150,13200,13350,13400,106,183,380,510,325,100,151,3,50,400,12650,12600,12550,12500,12400,12300,12200,12100,12050,11800,242,1180,1027,841,135,100,210,13,205,2,3955,2208,1,
001140,090025,1525910426.3477132,12800,12850,12900,13000,13050,13100,13150,13200,13350,13400,105,183,380,510,325,100,151,3,50,400,12650,12600,12550,12500,12400,12300,12200,12100,12050,11800,242,1180,1027,841,135,100,210,13,205,2,3955,2207,1,
001140,090025,1525910426.9794548,12800,12850,12900,13000,13050,13100,13150,13200,13350,13400,105,183,380,510,325,100,151,3,50,400,12650,12600,12550,12500,12400,12300,12200,12100,12050,11800,281,1180,1027,841,135,100,210,13,205,2,3994,2207,1,
001140,090027,1525910429.3880396,12800,12850,12900,13000,13050,13100,13150,13200,13350,13400,105,183,380,510,325,100,151,3,50,400,12650,12600,12550,12500,12400,12300,12200,12100,12050,11800,281,1180,1027,841,135,100,210,13,205,2,3994,2207,1,
001140,090029,1525910430.5190125,12800,12850,12900,13000,13050,13100,13150,13200,13350,13400,105,183,380,510,325,100,151,3,50,400,12650,12600,12550,12500,12400,12300,12200,12100,12050,11800,278,1183,1027,841,135,100,210,13,205,2,3994,2207,1,
001140,090042,1525910443.1701167,12800,12850,12900,13000,13050,13100,13150,13200,13350,13400,105,183,380,510,325,100,151,3,50,400,12650,12600,12550,12500,12400,12300,12200,12100,12050,11800,278,1183,1027,841,135,100,210,1013,205,2,4994,2207,1,
001140,090042,1525910443.85102,12800,12850,12900,13000,13050,13100,13150,13200,13350,13400,105,183,380,510,100,100,151,3,50,400,12650,12600,12550,12500,12400,12300,12200,12100,12050,11800,278,1183,1027,841,135,100,210,1013,205,2,4994,1982,1,
001140,090048,1525910449.9761033,12800,12850,12900,13000,13050,13100,13150,13200,13350,13400,105,183,380,510,100,100,151,3,50,400,12650,12600,12550,12500,12400,12300,12200,12100,12050,11800,278,1183,1027,937,135,100,210,1013,205,2,5090,1982,1,
001140,090057,1525910458.8045816,12800,12850,12900,13000,13050,13100,13150,13200,13350,13400,105,183,380,510,100,100,151,3,50,400,12650,12600,12550,12500,12400,12300,12200,12100,12050,11800,278,1183,1027,937,135,100,210,1013,205,2,5090,1982,1,
001140,090100,1525910462.041838,12800,12850,12900,13000,13050,13100,13150,13200,13350,13400,138,150,380,510,100,100,151,3,50,400,12650,12600,12550,12500,12400,12300,12200,12100,12050,11800,278,1183,1027,937,135,100,210,1013,205,2,5090,1982,1,
001140,090104,1525910465.789816,12800,12850,12900,13000,13050,13100,13150,13200,13350,13400,138,150,380,510,100,100,151,3,50,20,12650,12600,12550,12500,12400,12300,12200,12100,12050,11800,278,1183,1027,967,135,100,210,1013,205,2,5120,1602,1,
001140,090108,1525910469.978965,13000,13050,13100,13150,13200,13350,13400,13450,13500,13550,28,100,100,151,3,50,20,300,110,300,12650,12600,12550,12500,12400,12300,12200,12100,12050,11800,278,1183,1027,967,135,100,210,1013,205,2,5120,1162,1,
001140,090109,1525910470.65316,13000,13050,13100,13150,13200,13350,13400,13450,13500,13550,28,100,100,151,3,50,20,300,110,300,12700,12650,12600,12550,12500,12400,12300,12200,12100,12050,224,453,1183,1027,967,135,100,210,1013,205,5517,1162,1,
001140,090110,1525910471.89792,13000,13050,13100,13150,13200,13350,13400,13450,13500,13550,25,100,100,151,3,50,20,300,110,300,12700,12650,12600,12550,12500,12400,12300,12200,12100,12050,224,453,1183,1027,967,135,100,210,1013,205,5517,1159,1,
001140,090112,1525910473.6531656,13000,13050,13100,13150,13200,13350,13400,13450,13500,13550,25,100,100,151,3,50,20,300,110,300,12700,12650,12600,12550,12500,12400,12300,12200,12100,12050,224,453,1183,1027,871,135,100,210,1013,205,5421,1159,1,
001140,090114,1525910475.6996956,13000,13050,13100,13150,13200,13350,13400,13450,13500,13550,25,100,100,151,3,50,20,300,110,300,12700,12650,12600,12550,12500,12400,12300,12200,12100,12050,324,353,1183,1027,871,135,100,210,1013,205,5421,1159,1,
001140,090117,1525910478.140606,13000,13050,13100,13150,13200,13350,13400,13450,13500,13550,26,100,100,151,3,50,20,300,110,300,12700,12650,12600,12550,12500,12400,12300,12200,12100,12050,324,353,1183,1027,871,135,100,210,1013,205,5421,1160,1,
001140,090117,1525910479.0458095,13000,13050,13100,13150,13200,13350,13400,13450,13500,13550,26,100,200,151,3,50,20,300,110,300,12700,12650,12600,12550,12500,12400,12300,12200,12100,12050,324,353,1183,1027,871,135,100,210,1013,205,5421,1260,1,
001140,090123,1525910484.1562262,13000,13050,13100,13150,13200,13350,13400,13450,13500,13550,26,100,200,151,3,50,20,300,110,300,12700,12650,12600,12550,12500,12400,12300,12200,12100,12050,324,317,1180,1027,871,135,100,210,1013,205,5382,1260,1,
001140,090123,1525910484.8860862,13000,13050,13100,13150,13200,13350,13400,13450,13500,13550,26,100,200,151,3,50,20,300,110,300,12700,12650,12600,12550,12500,12400,12300,12200,12100,12050,344,317,1180,1027,871,135,100,210,1013,205,5402,1260,1,
001140,090124,1525910485.565842,13000,13050,13100,13150,13200,13350,13400,13450,13500,13550,1,100,200,151,3,50,20,300,110,300,12700,12650,12600,12550,12500,12400,12300,12200,12100,12050,344,317,1180,1027,871,135,100,210,1013,205,5402,1235,1,
001140,090125,1525910486.1887698,13000,13050,13100,13150,13200,13350,13400,13450,13500,13550,1427,100,200,151,3,50,20,300,110,300,12750,12700,12650,12600,12550,12500,12400,12300,12200,12100,72,344,317,1180,1027,871,135,100,210,1013,5269,2661,1,
001140,090125,1525910486.922122,13000,13050,13100,13150,13200,13350,13400,13450,13500,13550,1427,100,200,151,3,50,20,300,110,300,12700,12650,12600,12550,12500,12400,12300,12200,12100,12050,316,317,1180,1027,871,135,100,210,1013,205,5374,2661,1,
001140,090130,1525910492.0242436,13000,13050,13100,13150,13200,13350,13400,13450,13500,13550,1427,100,200,151,3,50,20,300,110,300,12700,12650,12600,12550,12500,12400,12300,12200,12100,12050,316,317,1180,1027,871,135,100,210,1013,205,5374,2661,1,
001140,090134,1525910495.156291,12950,13000,13050,13100,13150,13200,13350,13400,13450,13500,300,1427,100,200,151,3,50,20,300,110,12700,12650,12600,12550,12500,12400,12300,12200,12100,12050,316,317,1180,1027,871,135,100,210,1013,205,5374,2661,1,
001140,090137,1525910498.3845649,12950,13000,13050,13100,13150,13200,13350,13400,13450,13500,350,1427,100,200,151,3,50,20,300,110,12700,12650,12600,12550,12500,12400,12300,12200,12100,12050,316,317,1180,1027,871,135,100,210,1013,205,5374,2711,1,
001140,090137,1525910499.0155923,12950,13000,13050,13100,13150,13200,13350,13400,13450,13500,350,1428,100,200,151,3,50,20,300,110,12700,12650,12600,12550,12500,12400,12300,12200,12100,12050,316,317,1180,1027,871,135,100,210,1013,205,5374,2712,1,
001140,090139,1525910501.1004827,12950,13000,13050,13100,13150,13200,13350,13400,13450,13500,350,1428,100,200,151,23,50,20,300,110,12700,12650,12600,12550,12500,12400,12300,12200,12100,12050,316,317,1180,1027,871,135,100,210,1013,205,5374,2732,1,
001140,090140,1525910501.890206,12950,13000,13050,13100,13150,13200,13350,13400,13450,13500,350,1428,101,200,151,23,50,20,300,110,12700,12650,12600,12550,12500,12400,12300,12200,12100,12050,316,317,1180,1027,871,135,100,210,1013,205,5374,2733,1,
001140,090142,1525910503.9240863,12950,13000,13050,13100,13150,13200,13350,13400,13450,13500,350,1428,101,200,151,23,50,20,300,110,12800,12700,12650,12600,12550,12500,12400,12300,12200,12100,137,316,317,1180,1027,871,135,100,210,1013,5306,2733,1,
001140,090144,1525910505.3973358,12950,13000,13050,13100,13150,13200,13350,13400,13450,13500,350,1428,101,201,151,23,50,20,300,110,12800,12700,12650,12600,12550,12500,12400,12300,12200,12100,137,316,317,1180,1027,871,135,100,210,1013,5306,2734,1,
001140,090144,1525910506.0680978,12950,13000,13050,13100,13150,13200,13350,13400,13450,13500,350,1428,101,201,151,23,50,20,300,110,12800,12700,12650,12600,12550,12500,12400,12300,12200,12100,97,316,542,1180,1027,871,135,100,210,1013,5491,2734,1,
001140,090145,1525910506.8133655,12950,13000,13050,13100,13150,13200,13350,13400,13450,13500,390,1428,101,201,151,23,50,20,300,110,12800,12700,12650,12600,12550,12500,12400,12300,12200,12100,97,316,542,1180,1027,871,135,100,210,1013,5491,2774,1,
001140,090146,1525910507.6059752,12950,13000,13050,13100,13150,13200,13350,13400,13450,13500,390,1428,103,201,151,23,50,20,300,110,12800,12700,12650,12600,12550,12500,12400,12300,12200,12100,97,316,542,1180,1027,871,135,100,210,1013,5491,2776,1,
001140,090147,1525910508.393169,12950,13000,13050,13100,13150,13200,13350,13400,13450,13500,390,1428,103,201,153,23,50,20,300,110,12800,12700,12650,12600,12550,12500,12400,12300,12200,12100,97,316,542,1180,1027,871,135,100,210,1013,5491,2778,1,
001140,090148,1525910509.2958696,12950,13000,13050,13100,13150,13200,13350,13400,13450,13500,390,1428,103,201,153,23,50,20,300,110,12800,12700,12650,12600,12550,12500,12400,12300,12200,12100,107,316,542,1180,1027,871,135,100,210,1013,5501,2778,1,
001140,090149,1525910511.0390277,12950,13000,13050,13100,13150,13200,13350,13400,13450,13500,390,1428,103,201,156,23,50,20,300,110,12800,12700,12650,12600,12550,12500,12400,12300,12200,12100,107,316,542,1180,1027,871,135,100,210,1013,5501,2781,1,
001140,090150,1525910511.8849022,12950,13000,13050,13100,13150,13200,13350,13400,13450,13500,390,1428,128,201,156,25,50,20,300,110,12800,12700,12650,12600,12550,12500,12400,12300,12200,12100,227,316,542,1180,1027,871,135,100,210,1013,5621,2808,1,
001140,090152,1525910513.5173337,12950,13000,13050,13100,13150,13200,13350,13400,13450,13500,390,1428,128,205,156,25,50,20,300,110,12800,12700,12650,12600,12550,12500,12400,12300,12200,12100,130,316,542,1180,1027,871,135,100,210,1013,5524,2812,1,
001140,090153,1525910514.308648,12950,13000,13050,13100,13150,13200,13350,13400,13450,13500,390,1428,128,205,156,25,50,20,300,110,12800,12750,12700,12650,12600,12550,12500,12400,12300,12200,130,2,316,540,1180,1027,871,135,100,210,4511,2812,1,
001140,090153,1525910515.1123412,12950,13000,13050,13100,13150,13200,13250,13350,13400,13450,390,1428,128,205,156,25,1,50,20,300,12800,12750,12700,12650,12600,12550,12500,12400,12300,12200,130,3,316,539,1180,1027,871,135,100,210,4511,2703,1,
001140,090155,1525910516.7453623,12800,12950,13000,13050,13100,13150,13200,13250,13350,13400,170,390,1428,128,205,156,25,1,50,20,12750,12700,12650,12600,12550,12500,12400,12300,12200,12100,3,316,539,1180,1027,871,135,100,210,1013,5394,2573,1,
001140,090156,1525910517.5402572,12800,12950,13000,13050,13100,13150,13200,13250,13350,13400,170,390,1428,128,205,156,25,1,50,20,12750,12700,12650,12600,12550,12500,12400,12300,12200,12100,3,120,364,1180,1027,871,135,100,210,1013,5023,2573,1,
001140,090157,1525910518.329689,12800,12950,13000,13050,13100,13150,13200,13250,13300,13350,170,390,1428,128,205,156,25,1,2,50,12750,12700,12650,12600,12550,12500,12400,12300,12200,12100,3,120,364,1180,1027,871,135,100,210,1013,5023,2555,1,
001140,090200,1525910521.2504308,12800,12950,13000,13050,13100,13150,13200,13250,13300,13350,170,390,1428,128,205,156,25,1,2,52,12750,12700,12650,12600,12550,12500,12400,12300,12200,12100,3,120,364,1180,1027,871,135,100,210,1013,5023,2557,1,
001140,090200,1525910522.0530853,12800,12950,13000,13050,13100,13150,13200,13250,13300,13350,170,390,1428,128,205,156,25,1,2,52,12750,12700,12650,12600,12550,12500,12400,12300,12200,12100,6,120,364,1180,1027,871,135,100,210,1013,5026,2557,1,
001140,090204,1525910525.239071,12800,12950,13000,13050,13100,13150,13200,13250,13300,13350,170,390,1428,128,205,156,25,1,2,52,12750,12700,12650,12600,12550,12500,12400,12300,12200,12100,6,120,364,1180,1027,871,135,100,210,1013,5026,2557,1,
001140,090206,1525910527.678276,12800,12950,13000,13050,13100,13150,13200,13250,13300,13350,170,390,1428,128,205,156,25,1,2,52,12750,12700,12650,12600,12550,12500,12400,12300,12200,12100,6,120,364,1180,1027,871,135,100,210,1013,5026,2557,1,
001140,090208,1525910529.547714,12800,12950,13000,13050,13100,13150,13200,13250,13300,13350,170,390,1428,128,205,156,25,1,2,52,12700,12650,12600,12550,12500,12400,12300,12200,12100,12050,60,364,1180,1027,871,135,100,210,1013,205,5165,2557,1,
001140,090213,1525910534.8011434,12800,12950,13000,13050,13100,13150,13200,13250,13300,13350,170,390,1428,128,205,156,25,1,2,52,12700,12650,12600,12550,12500,12400,12300,12200,12100,12050,72,364,1180,1027,871,135,100,210,1013,205,5177,2557,1,
001140,090218,1525910539.5495393,12800,12950,13000,13050,13100,13150,13200,13250,13300,13350,170,390,1428,128,205,156,25,1,2,52,12700,12650,12600,12550,12500,12450,12400,12300,12200,12100,72,364,1180,1027,871,6,135,100,210,1013,4978,2557,1,
001140,090222,1525910543.6285026,12800,12950,13000,13050,13100,13150,13200,13250,13300,13350,170,390,2,128,205,156,25,1,2,52,12700,12650,12600,12550,12500,12450,12400,12300,12200,12100,72,364,1180,1027,871,6,135,100,210,1013,4978,1131,1,
001140,090225,1525910546.182308,12800,12950,13000,13050,13100,13150,13200,13250,13300,13350,170,390,2,128,205,156,25,1,2,52,12700,12650,12600,12550,12500,12450,12400,12300,12200,12100,72,364,1180,1027,871,6,135,100,210,1013,4978,1131,1,
001140,090228,1525910549.2305186,12800,12950,13000,13050,13100,13150,13200,13250,13300,13350,170,390,2,128,205,156,25,1,2,52,12750,12700,12650,12600,12550,12500,12450,12400,12300,12200,50,72,364,1180,1027,871,6,135,100,210,4015,1131,1,
001140,090229,1525910550.4136243,12800,12950,13000,13050,13100,13150,13200,13250,13300,13350,170,390,2,128,205,156,25,1,2,52,12750,12700,12650,12600,12550,12500,12450,12400,12300,12200,50,72,364,1180,1027,871,6,135,100,210,4015,1131,1,
001140,090234,1525910556.0602047,12800,12950,13000,13050,13100,13150,13200,13250,13300,13350,170,390,2,128,205,156,25,1,2,52,12750,12700,12650,12600,12550,12500,12450,12400,12300,12200,61,372,364,1180,1027,871,6,135,100,210,4326,1131,1,
001140,090235,1525910556.6855528,12950,13000,13050,13100,13150,13200,13250,13300,13350,13400,390,2,128,205,156,25,1,2,52,23,12750,12700,12650,12600,12550,12500,12450,12400,12300,12200,61,372,364,1180,1027,871,6,135,100,210,4326,984,1,
001140,090236,1525910557.3632905,12950,13000,13050,13100,13150,13200,13250,13300,13350,13400,390,2,128,205,156,25,1,2,52,23,12750,12700,12650,12600,12550,12500,12450,12400,12300,12200,104,372,465,1180,1027,871,6,135,100,210,4470,984,1,
001140,090237,1525910558.6645923,12950,13000,13050,13100,13150,13200,13250,13300,13350,13400,389,2,128,205,156,25,1,2,52,23,12750,12700,12650,12600,12550,12500,12450,12400,12300,12200,104,372,465,1180,1027,871,6,135,100,210,4470,983,1,
001140,090240,1525910562.0709865,12950,13000,13050,13100,13150,13200,13250,13300,13350,13400,389,2,128,205,156,25,1,2,52,223,12750,12700,12650,12600,12550,12500,12450,12400,12300,12200,104,372,465,1180,1027,871,6,135,600,210,4970,1183,1,
001140,090251,1525910572.4709837,12950,13000,13050,13100,13150,13200,13250,13300,13350,13400,339,2,128,205,156,25,1,2,52,223,12750,12700,12650,12600,12550,12500,12450,12400,12300,12200,104,372,465,1180,1027,871,6,135,600,210,4970,1133,1,
001140,090252,1525910573.1486642,12950,13000,13050,13100,13150,13200,13250,13300,13350,13400,339,2,128,235,156,25,1,2,52,223,12750,12700,12650,12600,12550,12500,12450,12400,12300,12200,104,372,465,1180,1027,871,6,135,600,210,4970,1163,1,
001140,090257,1525910578.5307515,12900,12950,13000,13050,13100,13150,13200,13250,13300,13350,1,339,2,128,235,156,25,1,2,52,12750,12700,12650,12600,12550,12500,12450,12400,12300,12200,104,372,465,1180,1027,871,6,135,600,210,4970,941,1,
001140,090300,1525910581.3107102,12900,12950,13000,13050,13100,13150,13200,13250,13300,13350,1,339,12,128,235,156,25,1,52,52,12750,12700,12650,12600,12550,12500,12450,12400,12300,12200,104,372,465,1180,1027,871,6,135,600,210,4970,1001,1,
001140,090301,1525910582.7316325,12900,12950,13000,13050,13100,13150,13200,13250,13300,13350,1,339,15,128,235,156,25,1,52,52,12750,12700,12650,12600,12550,12500,12450,12400,12300,12200,104,372,465,1180,1027,871,6,135,600,210,4970,1004,1,
001140,090304,1525910585.1663153,12900,12950,13000,13050,13100,13150,13200,13250,13300,13350,1,339,15,128,235,156,25,1,52,52,12750,12700,12650,12600,12550,12500,12450,12400,12300,12200,104,332,465,1180,1027,871,6,135,600,210,4930,1004,1,
001140,090304,1525910586.0144145,12900,12950,13000,13050,13100,13150,13200,13250,13300,13350,1,339,15,130,235,156,25,1,52,252,12750,12700,12650,12600,12550,12500,12450,12400,12300,12200,104,332,465,1180,1027,871,6,135,600,210,4930,1206,1,
001140,090305,1525910586.6922553,12900,12950,13000,13050,13100,13150,13200,13250,13300,13350,15,339,15,130,235,156,25,1,52,252,12750,12700,12650,12600,12550,12500,12450,12400,12300,12200,104,332,470,1180,1027,871,6,135,600,210,4935,1220,1,
001140,090309,1525910590.2029197,12900,12950,13000,13050,13100,13150,13200,13250,13300,13350,15,339,15,130,235,156,28,1,52,252,12750,12700,12650,12600,12550,12500,12450,12400,12300,12200,104,332,470,1180,1027,871,6,135,600,210,4935,1223,1,
001140,090311,1525910592.6480944,12950,13000,13050,13100,13150,13200,13250,13300,13350,13400,334,15,130,235,156,28,1,52,252,223,12750,12700,12650,12600,12550,12500,12450,12400,12300,12200,104,332,470,1180,1027,871,6,135,600,210,4935,1426,1,
001140,090313,1525910594.5236588,12950,13000,13050,13100,13150,13200,13250,13300,13350,13400,334,15,130,235,156,28,1,52,252,223,12750,12700,12650,12600,12550,12500,12450,12400,12300,12200,104,332,570,1182,1027,871,6,135,600,210,5037,1426,1,
001140,090314,1525910595.1477697,12950,13000,13050,13100,13150,13200,13250,13300,13350,13400,334,15,130,235,156,28,1,52,252,223,12750,12700,12650,12600,12550,12500,12450,12400,12300,12200,93,320,565,1182,1027,871,6,135,600,210,5009,1426,1,
001140,090314,1525910595.8249028,12950,13000,13050,13100,13150,13200,13250,13300,13350,13400,40,15,130,235,156,28,1,52,252,223,12750,12700,12650,12600,12550,12500,12450,12400,12300,12200,93,320,565,1182,1027,871,6,135,600,210,5009,1132,1,
001140,090316,1525910597.2418513,12950,13000,13050,13100,13150,13200,13250,13300,13350,13400,40,15,130,235,156,28,1,52,252,223,12750,12700,12650,12600,12550,12500,12450,12400,12300,12200,94,320,567,1182,1027,871,6,135,600,210,5012,1132,1,
001140,090318,1525910599.8644955,12950,13000,13050,13100,13150,13200,13250,13300,13350,13400,40,15,130,235,156,28,1,52,252,223,12750,12700,12650,12600,12550,12500,12450,12400,12300,12200,94,322,567,1182,1027,871,6,135,600,210,5014,1132,1,
001140,090320,1525910601.2743046,12950,13000,13050,13100,13150,13200,13250,13300,13350,13400,40,15,130,235,156,28,1,52,252,223,12750,12700,12650,12600,12550,12500,12450,12400,12300,12200,94,422,567,1182,1027,871,6,135,600,210,5114,1132,1,
001140,090321,1525910603.03718,12950,13000,13050,13100,13150,13200,13250,13300,13350,13400,40,15,130,235,156,28,1,52,252,223,12750,12700,12650,12600,12550,12500,12450,12400,12300,12200,97,422,567,1182,1027,871,6,135,600,210,5117,1132,1,
001140,090324,1525910605.3016794,12950,13000,13050,13100,13150,13200,13250,13300,13350,13400,40,15,130,235,156,28,1,152,252,223,12750,12700,12650,12600,12550,12500,12450,12400,12300,12200,97,422,567,1182,1027,871,6,135,600,210,5117,1232,1,
001140,090327,1525910608.1811273,12950,13000,13050,13100,13150,13200,13250,13300,13350,13400,40,109,130,235,156,28,1,152,252,223,12750,12700,12650,12600,12550,12500,12450,12400,12300,12200,97,422,567,1182,1027,871,6,135,600,210,5117,1326,1,
001140,090333,1525910614.288371,12950,13000,13050,13100,13150,13200,13250,13300,13350,13400,42,109,130,235,156,28,1,152,252,223,12750,12700,12650,12600,12550,12500,12450,12400,12300,12200,97,422,567,1182,1027,871,6,135,600,210,5117,1328,1,
001140,090336,1525910617.6886423,12950,13000,13050,13100,13150,13200,13250,13300,13350,13400,42,109,130,247,156,28,1,152,252,223,12750,12700,12650,12600,12550,12500,12450,12400,12300,12200,97,422,567,1182,1027,871,6,135,600,210,5117,1340,1,
001140,090339,1525910620.799358,12950,13000,13050,13100,13150,13200,13250,13300,13350,13400,42,109,130,247,156,28,1,152,252,223,12750,12700,12650,12600,12550,12500,12450,12400,12300,12200,177,422,567,1182,1027,871,6,135,600,210,5197,1340,1,
001140,090340,1525910621.4179566,12950,13000,13050,13100,13150,13200,13250,13300,13350,13400,22,109,130,247,156,28,1,152,252,223,12750,12700,12650,12600,12550,12500,12450,12400,12300,12200,372,422,567,1182,1027,871,6,135,600,210,5392,1320,1,
001140,090343,1525910624.1468937,12950,13000,13050,13100,13150,13200,13250,13300,13350,13400,22,109,130,247,156,28,1,152,252,223,12750,12700,12650,12600,12550,12500,12450,12400,12300,12200,372,422,567,1182,1027,871,6,135,600,210,5392,1320,1,
001140,090346,1525910627.212465,12950,13000,13050,13100,13150,13200,13250,13300,13350,13400,22,109,130,247,156,28,1,152,252,223,12750,12700,12650,12600,12550,12500,12450,12400,12300,12200,372,422,978,1182,1027,871,6,135,600,210,5803,1320,1,
001140,090350,1525910631.1937766,12950,13000,13050,13100,13150,13200,13250,13300,13350,13400,22,109,130,247,156,28,1,152,252,223,12750,12700,12650,12600,12550,12500,12450,12400,12300,12200,372,426,978,1182,1027,871,6,135,600,210,5807,1320,1,
001140,090351,1525910632.7767267,12950,13000,13050,13100,13150,13200,13250,13300,13350,13400,22,109,130,247,156,128,1,152,252,223,12750,12700,12650,12600,12550,12500,12450,12400,12300,12200,372,426,978,1182,1027,871,6,135,600,210,5807,1420,1,
001140,090353,1525910634.6301117,12950,13000,13050,13100,13150,13200,13250,13300,13350,13400,155,109,130,247,156,128,1,152,252,223,12750,12700,12650,12600,12550,12500,12450,12400,12300,12200,372,426,978,1182,1027,871,6,135,600,210,5807,1553,1,
001140,090402,1525910643.6354191,12950,13000,13050,13100,13150,13200,13250,13300,13350,13400,155,109,130,247,156,128,1,152,252,223,12750,12700,12650,12600,12550,12500,12450,12400,12300,12200,372,426,978,1182,1027,871,506,135,600,210,6307,1553,1,
001140,090413,1525910654.4124212,12950,13000,13050,13100,13150,13200,13250,13300,13350,13400,155,109,130,247,156,128,101,152,252,223,12750,12700,12650,12600,12550,12500,12450,12400,12300,12200,372,426,978,1182,1027,871,506,135,600,210,6307,1653,1,
001140,090414,1525910655.761604,12950,13000,13050,13100,13150,13200,13250,13300,13350,13400,155,109,130,247,156,128,101,152,252,223,12750,12700,12650,12600,12550,12500,12450,12400,12300,12200,372,426,978,1182,1027,871,506,135,600,210,6307,1653,1,
001140,090420,1525910661.6625435,12950,13000,13050,13100,13150,13200,13250,13300,13350,13400,333,109,130,247,156,128,101,152,252,223,12750,12700,12650,12600,12550,12500,12450,12400,12300,12200,372,426,983,1182,1027,871,506,135,600,210,6312,1831,1,
001140,090425,1525910666.628704,12950,13000,13050,13100,13150,13200,13250,13300,13350,13400,333,109,130,247,156,128,101,152,252,223,12750,12700,12650,12600,12550,12500,12450,12400,12300,12200,372,426,983,1182,1027,871,506,135,600,210,6312,1831,1,
001140,090430,1525910671.9077337,12950,13000,13050,13100,13150,13200,13250,13300,13350,13400,332,109,130,247,156,128,101,152,252,223,12900,12750,12700,12650,12600,12550,12500,12450,12400,12300,1,372,426,983,1182,1027,871,506,135,600,6103,1830,1,
001140,090431,1525910672.6442444,12950,13000,13050,13100,13150,13200,13250,13300,13350,13400,332,109,130,247,156,128,101,152,252,223,12900,12750,12700,12650,12600,12550,12500,12450,12400,12300,1,372,426,983,1182,1027,871,506,135,600,6103,1830,1,
001140,090433,1525910674.3459213,12950,13000,13050,13100,13150,13200,13250,13300,13350,13400,332,109,130,247,156,128,101,152,252,223,12900,12800,12750,12700,12650,12600,12550,12500,12450,12400,1,70,372,426,983,1182,1027,871,506,135,5573,1830,1,
001140,090435,1525910676.7765963,12950,13000,13050,13100,13150,13200,13250,13300,13350,13400,332,109,130,247,156,128,101,152,252,223,12800,12750,12700,12650,12600,12550,12500,12450,12400,12300,70,372,426,983,1182,1027,871,506,135,600,6172,1830,1,
001140,090439,1525910680.5603025,13000,13050,13100,13150,13200,13250,13300,13350,13400,13450,109,130,247,156,128,101,152,252,223,400,12950,12800,12750,12700,12650,12600,12550,12500,12450,12400,268,70,372,426,983,1182,1027,871,506,135,5840,1898,1,
001140,090439,1525910680.9601645,13000,13050,13100,13150,13200,13250,13300,13350,13400,13450,109,130,247,156,128,101,152,252,223,400,12950,12800,12750,12700,12650,12600,12550,12500,12450,12400,268,270,372,426,983,1182,1027,871,506,135,6040,1898,1,
001140,090441,1525910682.484331,13000,13050,13100,13150,13200,13250,13300,13350,13400,13450,109,130,247,156,128,101,152,252,223,400,12950,12800,12750,12700,12650,12600,12550,12500,12450,12400,272,270,372,426,983,1182,1027,871,506,135,6044,1898,1,
001140,090442,1525910683.6705718,13000,13050,13100,13150,13200,13250,13300,13350,13400,13450,109,130,247,156,128,101,152,252,223,400,12950,12900,12800,12750,12700,12650,12600,12550,12500,12450,272,1,270,372,426,983,1182,1027,871,506,5910,1898,1,
001140,090444,1525910685.484391,13000,13050,13100,13150,13200,13250,13300,13350,13400,13450,109,130,247,156,128,101,152,252,223,400,12950,12900,12800,12750,12700,12650,12600,12550,12500,12450,372,1,270,372,126,983,1182,1027,871,506,5710,1898,1,
001140,090448,1525910689.6161525,13000,13050,13100,13150,13200,13250,13300,13350,13400,13450,109,130,247,156,128,101,152,252,223,400,12950,12900,12850,12800,12750,12700,12650,12600,12550,12500,372,1,2,270,372,126,983,1182,1027,871,5206,1898,1,
001140,090449,1525910690.1811535,13000,13050,13100,13150,13200,13250,13300,13350,13400,13450,108,130,247,156,128,101,152,252,223,400,12950,12900,12850,12800,12750,12700,12650,12600,12550,12500,372,1,2,270,372,126,983,1182,1027,871,5206,1897,1,
001140,090449,1525910690.799131,13000,13050,13100,13150,13200,13250,13300,13350,13400,13450,97,130,247,156,128,101,152,252,223,400,12950,12900,12850,12800,12750,12700,12650,12600,12550,12500,372,1,2,270,372,126,983,1182,1027,871,5206,1886,1,
001140,090450,1525910691.7611928,13000,13050,13100,13150,13200,13250,13300,13350,13400,13450,163,130,247,156,128,101,152,252,223,400,12950,12900,12850,12800,12750,12700,12650,12600,12550,12500,372,1,2,270,372,126,983,1182,1027,871,5206,1952,1,
001140,090456,1525910697.2514484,13050,13100,13150,13200,13250,13300,13350,13400,13450,13500,130,247,156,128,101,152,252,223,400,1263,12950,12900,12850,12800,12750,12700,12650,12600,12550,12500,372,1,2,270,372,126,983,1182,1027,871,5206,3052,1,
001140,090457,1525910698.9491756,13050,13100,13150,13200,13250,13300,13350,13400,13450,13500,130,247,156,128,101,152,252,223,400,1263,13000,12950,12900,12850,12800,12750,12700,12650,12600,12550,10,372,1,2,270,372,126,983,1182,1027,4345,3052,1,
001140,090458,1525910699.4556258,13050,13100,13150,13200,13250,13300,13350,13400,13450,13500,130,247,156,128,101,152,252,223,400,1263,13000,12950,12900,12850,12800,12750,12700,12650,12600,12550,10,372,1,2,270,372,126,882,1182,1027,4244,3052,1,
001140,090458,1525910700.0740995,13050,13100,13150,13200,13250,13300,13350,13400,13450,13500,130,247,156,128,101,152,252,223,400,1263,12950,12900,12850,12800,12750,12700,12650,12600,12550,12500,372,1,2,270,372,126,882,1182,1027,871,5105,3052,1,
001140,090500,1525910701.948311,13050,13100,13150,13200,13250,13300,13350,13400,13450,13500,130,247,156,128,101,152,252,223,400,1263,12950,12900,12850,12800,12750,12700,12650,12600,12550,12500,372,1,2,270,372,126,882,1182,1027,871,5105,3052,1,
001140,090503,1525910705.1224384,13050,13100,13150,13200,13250,13300,13350,13400,13450,13500,130,247,156,128,101,152,252,223,400,1263,12950,12900,12850,12800,12750,12700,12650,12600,12550,12500,372,1,2,270,177,126,882,1182,1027,871,4910,3052,1,
001140,090506,1525910707.151163,13000,13050,13100,13150,13200,13250,13300,13350,13400,13450,250,130,247,156,128,101,152,252,223,400,12950,12900,12850,12800,12750,12700,12650,12600,12550,12500,372,1,2,270,177,126,882,1182,1027,871,4910,2039,1,
001140,090508,1525910709.3435037,13000,13050,13100,13150,13200,13250,13300,13350,13400,13450,300,130,247,156,128,101,152,252,223,400,12950,12900,12850,12800,12750,12700,12650,12600,12550,12500,372,1,2,270,177,126,882,1182,1027,871,4910,2089,1,
001140,090510,1525910712.0129936,13000,13050,13100,13150,13200,13250,13300,13350,13400,13450,300,130,247,156,128,101,152,252,223,400,12950,12900,12850,12800,12750,12700,12650,12600,12550,12500,160,1,2,270,177,126,882,1182,1027,871,4698,2089,1,
001140,090511,1525910712.7456381,13000,13050,13100,13150,13200,13250,13300,13350,13400,13450,300,130,247,156,128,101,152,252,223,400,12900,12850,12800,12750,12700,12650,12600,12550,12500,12450,1,2,270,177,126,882,1182,1027,871,606,5144,2089,1,
001140,090512,1525910713.4816139,13000,13050,13100,13150,13200,13250,13300,13350,13400,13450,800,130,247,156,128,101,152,252,223,400,12900,12850,12800,12750,12700,12650,12600,12550,12500,12450,1,2,270,177,126,882,1182,1027,871,606,5144,2589,1,
001140,090513,1525910714.161506,13000,13050,13100,13150,13200,13250,13300,13350,13400,13450,800,130,247,156,128,101,152,252,223,400,12900,12850,12800,12750,12700,12650,12600,12550,12500,12450,1,2,270,127,126,882,1182,1027,871,606,5094,2589,1,
001140,090514,1525910715.9741478,13000,13050,13100,13150,13200,13250,13300,13350,13400,13450,800,130,247,156,128,101,152,252,223,400,12900,12850,12800,12750,12700,12650,12600,12550,12500,12450,1,2,270,126,122,877,1182,1027,871,606,5084,2589,1,
001140,090516,1525910717.2279136,13000,13050,13100,13150,13200,13250,13300,13350,13400,13450,800,130,247,156,128,101,152,252,223,400,12950,12900,12850,12800,12750,12700,12650,12600,12550,12500,94,1,2,270,126,122,877,1182,1027,871,4572,2589,1,
001140,090517,1525910718.5234995,13000,13050,13100,13150,13200,13250,13300,13350,13400,13450,800,130,247,156,128,101,152,252,223,400,12950,12900,12850,12800,12750,12700,12650,12600,12550,12500,94,1,12,270,126,122,877,1182,1027,871,4582,2589,1,
001140,090521,1525910722.3577383,13000,13050,13100,13150,13200,13250,13300,13350,13400,13450,800,130,247,156,128,101,152,252,223,400,12950,12900,12850,12800,12750,12700,12650,12600,12550,12500,22,1,12,270,126,122,877,1182,1027,871,4510,2589,1,
001140,090521,1525910723.0762782,13000,13050,13100,13150,13200,13250,13300,13350,13400,13450,800,130,247,156,128,101,152,252,223,400,12950,12900,12850,12800,12750,12700,12650,12600,12550,12500,22,11,12,270,126,122,877,1182,1027,871,4520,2589,1,
001140,090523,1525910724.4433508,13000,13050,13100,13150,13200,13250,13300,13350,13400,13450,800,130,247,156,128,101,152,252,223,400,12950,12900,12850,12800,12750,12700,12650,12600,12550,12500,22,11,12,270,126,122,1272,1182,1027,871,4915,2589,1,
001140,090524,1525910725.1758049,13000,13050,13100,13150,13200,13250,13300,13350,13400,13450,800,130,247,156,128,101,152,252,223,400,12950,12900,12850,12800,12750,12700,12650,12600,12550,12500,22,11,20,270,126,122,1272,1182,1027,871,4923,2589,1,
001140,090525,1525910726.7428195,13000,13050,13100,13150,13200,13250,13300,13350,13400,13450,799,130,247,156,128,101,152,252,223,400,12900,12850,12800,12750,12700,12650,12600,12550,12500,12450,11,20,270,126,122,1272,1182,1027,871,606,5507,2588,1,
001140,090528,1525910729.9751382,13000,13050,13100,13150,13200,13250,13300,13350,13400,13450,799,130,247,156,128,101,153,252,223,400,12900,12850,12800,12750,12700,12650,12600,12550,12500,12450,11,20,270,126,122,1272,1182,1027,871,606,5507,2589,1,
001140,090537,1525910738.5089262,12950,13000,13050,13100,13150,13200,13250,13300,13350,13400,110,799,130,247,156,128,101,153,252,223,12900,12850,12800,12750,12700,12650,12600,12550,12500,12450,11,20,270,126,122,1272,1182,1027,871,606,5507,2299,1,
001140,090539,1525910740.6499162,12950,13000,13050,13100,13150,13200,13250,13300,13350,13400,110,799,130,247,156,128,101,153,252,223,12900,12850,12800,12750,12700,12650,12600,12550,12500,12450,11,20,270,126,515,1272,1182,1027,871,606,5900,2299,1,
001140,090543,1525910744.675181,12950,13000,13050,13100,13150,13200,13250,13300,13350,13400,110,799,130,247,156,128,101,153,252,223,12900,12850,12800,12750,12700,12650,12600,12550,12500,12450,61,20,270,126,515,1272,1182,1027,871,606,5950,2299,1,
001140,090600,1525910761.1747725,12950,13000,13050,13100,13150,13200,13250,13300,13350,13400,274,799,130,247,156,128,101,153,252,223,12900,12850,12800,12750,12700,12650,12600,12550,12500,12450,61,20,270,126,515,1772,1182,1027,871,606,6450,2463,1,
001140,090606,1525910768.0244746,12950,13000,13050,13100,13150,13200,13250,13300,13350,13400,274,799,130,247,156,128,101,154,252,223,12900,12850,12800,12750,12700,12650,12600,12550,12500,12450,61,20,270,126,515,1772,1182,1027,871,606,6450,2464,1,
001140,090607,1525910768.8864186,12950,13000,13050,13100,13150,13200,13250,13300,13350,13400,274,799,130,247,156,128,101,154,252,223,12900,12850,12800,12750,12700,12650,12600,12550,12500,12450,197,20,270,126,515,1772,1182,1027,871,606,6586,2464,1,
001140,090608,1525910769.4511402,12950,13000,13050,13100,13150,13200,13250,13300,13350,13400,274,799,130,247,156,128,101,154,252,223,12900,12850,12800,12750,12700,12650,12600,12550,12500,12450,197,20,270,126,515,1772,1182,1027,871,606,6586,2464,1,
001140,090610,1525910771.3710372,12950,13000,13050,13100,13150,13200,13250,13300,13350,13400,274,799,130,247,156,128,101,154,252,223,12900,12850,12800,12750,12700,12650,12600,12550,12500,12450,197,20,270,127,515,1772,1182,1027,871,606,6587,2464,1,
001140,090618,1525910779.347876,12950,13000,13050,13100,13150,13200,13250,13300,13350,13400,274,799,130,247,156,128,101,154,252,223,12900,12850,12800,12750,12700,12650,12600,12550,12500,12450,197,20,270,127,515,1772,1182,1027,871,606,6587,2464,1,
001140,090619,1525910780.3634322,12950,13000,13050,13100,13150,13200,13250,13300,13350,13400,274,799,130,247,156,128,101,154,252,223,12900,12850,12800,12750,12700,12650,12600,12550,12500,12450,197,12,270,127,515,1772,1182,1027,871,606,6579,2464,1,
001140,090631,1525910793.0876546,12950,13000,13050,13100,13150,13200,13250,13300,13350,13400,274,799,130,247,156,128,101,154,252,223,12900,12850,12800,12750,12700,12650,12600,12550,12500,12450,197,12,270,127,515,1761,1182,1027,871,606,6568,2464,1,
001140,090632,1525910793.597919,12950,13000,13050,13100,13150,13200,13250,13300,13350,13400,274,799,130,247,156,128,101,154,252,223,12800,12750,12700,12650,12600,12550,12500,12450,12400,12300,245,127,515,1761,1182,1027,871,606,135,600,7069,2464,1,
001140,090633,1525910794.2142615,12950,13000,13050,13100,13150,13200,13250,13300,13350,13400,274,799,130,247,156,128,101,154,252,223,12800,12750,12700,12650,12600,12550,12500,12450,12400,12300,245,127,527,1761,1182,1027,871,606,135,600,7081,2464,1,
001140,090638,1525910799.4546454,12950,13000,13050,13100,13150,13200,13250,13300,13350,13400,274,799,130,247,156,128,101,154,252,223,12850,12800,12750,12700,12650,12600,12550,12500,12450,12400,11,245,127,527,1761,1182,1027,871,606,135,6492,2464,1,
001140,090644,1525910805.5060525,12950,13000,13050,13100,13150,13200,13250,13300,13350,13400,274,799,130,247,156,128,101,154,252,223,12850,12800,12750,12700,12650,12600,12550,12500,12450,12400,11,245,127,527,1536,1182,1027,871,606,135,6267,2464,1,
001140,090651,1525910812.9081225,12950,13000,13050,13100,13150,13200,13250,13300,13350,13400,274,799,130,247,156,128,101,154,252,223,12850,12800,12750,12700,12650,12600,12550,12500,12450,12400,11,745,127,527,1536,1182,1027,871,606,135,6767,2464,1,
001140,090657,1525910818.1644425,12950,13000,13050,13100,13150,13200,13250,13300,13350,13400,274,799,130,247,156,128,101,654,252,223,12850,12800,12750,12700,12650,12600,12550,12500,12450,12400,11,745,127,527,1536,1182,1027,871,606,135,6767,2964,1,
001140,090658,1525910819.7369635,12950,13000,13050,13100,13150,13200,13250,13300,13350,13400,273,799,130,247,156,128,101,654,252,223,12850,12800,12750,12700,12650,12600,12550,12500,12450,12400,11,745,127,527,1536,1182,1027,871,606,135,6767,2963,1,
001140,090659,1525910820.6361682,12950,13000,13050,13100,13150,13200,13250,13300,13350,13400,273,799,130,247,156,128,101,654,252,223,12850,12800,12750,12700,12650,12600,12550,12500,12450,12400,511,745,127,527,1536,1182,1027,871,606,135,7267,2963,1,
001140,090705,1525910826.9775527,12950,13000,13050,13100,13150,13200,13250,13300,13350,13400,273,799,130,247,156,128,101,654,252,223,12850,12800,12750,12700,12650,12600,12550,12500,12450,12400,704,745,127,527,1536,1182,1027,871,606,135,7460,2963,1,
001140,090712,1525910833.591094,12950,13000,13050,13100,13150,13200,13250,13300,13350,13400,273,799,130,247,156,128,101,654,412,223,12850,12800,12750,12700,12650,12600,12550,12500,12450,12400,704,745,127,527,1536,1182,1027,871,606,135,7460,3123,1,
001140,090713,1525910834.5000675,12950,13000,13050,13100,13150,13200,13250,13300,13350,13400,273,799,130,247,156,128,101,654,412,723,12850,12800,12750,12700,12650,12600,12550,12500,12450,12400,704,745,127,527,1536,1182,1027,871,606,135,7460,3623,1,
001140,090714,1525910835.5785418,12950,13000,13050,13100,13150,13200,13250,13300,13350,13400,164,799,130,247,156,128,101,654,412,723,12850,12800,12750,12700,12650,12600,12550,12500,12450,12400,704,745,127,527,1536,1182,1027,871,606,135,7460,3514,1,
001140,090720,1525910841.8043067,12950,13000,13050,13100,13150,13200,13250,13300,13350,13400,164,799,130,247,156,128,101,654,412,723,12850,12800,12750,12700,12650,12600,12550,12500,12450,12400,693,745,127,527,1536,1182,1027,871,606,135,7449,3514,1,
001140,090723,1525910844.9706702,12950,13000,13050,13100,13150,13200,13250,13300,13350,13400,1864,799,130,247,156,128,101,654,412,723,12850,12800,12750,12700,12650,12600,12550,12500,12450,12400,693,745,127,527,1536,1182,1027,871,606,135,7449,5214,1,
001140,090725,1525910846.663488,12950,13000,13050,13100,13150,13200,13250,13300,13350,13400,1853,799,130,247,156,128,101,654,412,723,12850,12800,12750,12700,12650,12600,12550,12500,12450,12400,693,745,127,527,1536,1182,1027,871,606,135,7449,5203,1,
001140,090727,1525910848.1810322,12950,13000,13050,13100,13150,13200,13250,13300,13350,13400,1860,799,130,247,156,128,101,654,412,723,12850,12800,12750,12700,12650,12600,12550,12500,12450,12400,693,745,127,527,1536,1182,1027,871,606,135,7449,5210,1,
001140,090735,1525910856.5209854,12950,13000,13050,13100,13150,13200,13250,13300,13350,13400,1860,799,130,247,156,128,101,654,412,723,12850,12800,12750,12700,12650,12600,12550,12500,12450,12400,805,745,127,527,1536,1182,1027,871,606,135,7561,5210,1,
001140,090749,1525910870.5457215,12950,13000,13050,13100,13150,13200,13250,13300,13350,13400,1860,799,130,247,156,128,101,654,412,723,12850,12800,12750,12700,12650,12600,12550,12500,12450,12400,655,745,127,527,1536,1182,1027,871,606,135,7411,5210,1,
001140,090751,1525910872.9842815,12950,13000,13050,13100,13150,13200,13250,13300,13350,13400,1860,799,130,247,156,128,304,654,412,723,12850,12800,12750,12700,12650,12600,12550,12500,12450,12400,655,745,127,527,1536,1182,1027,871,606,135,7411,5413,1,
001140,090806,1525910887.4038363,12950,13000,13050,13100,13150,13200,13250,13300,13350,13400,1860,799,130,247,156,128,304,654,412,723,12850,12800,12750,12700,12650,12600,12550,12500,12450,12400,655,872,127,527,1536,1182,1027,871,606,135,7538,5413,1,
001140,090819,1525910900.2327256,12950,13000,13050,13100,13150,13200,13250,13300,13350,13400,1860,799,130,247,156,128,304,654,412,723,12850,12800,12750,12700,12650,12600,12550,12500,12450,12400,1155,872,127,527,1536,1182,1027,871,606,135,8038,5413,1,
001140,090819,1525910900.567919,12950,13000,13050,13100,13150,13200,13250,13300,13350,13400,1860,799,130,247,156,128,304,654,412,723,12850,12800,12750,12700,12650,12600,12550,12500,12450,12400,1155,872,84,515,1536,1182,1027,871,606,135,7983,5413,1,
001140,090821,1525910902.4750197,12950,13000,13050,13100,13150,13200,13250,13300,13350,13400,1860,899,130,247,156,128,304,654,412,723,12850,12800,12750,12700,12650,12600,12550,12500,12450,12400,1155,872,84,515,1536,1182,1027,871,606,135,7983,5513,1,
001140,090836,1525910918.0020561,12950,13000,13050,13100,13150,13200,13250,13300,13350,13400,1860,899,130,247,156,128,304,654,412,723,12850,12800,12750,12700,12650,12600,12550,12500,12450,12400,1155,872,209,515,1536,1182,1027,871,606,135,8108,5513,1,
001140,090840,1525910922.0156846,12950,13000,13050,13100,13150,13200,13250,13300,13350,13400,1860,899,130,247,156,128,304,654,412,723,12850,12800,12750,12700,12650,12600,12550,12500,12450,12400,1155,872,209,515,1536,1182,1027,871,606,135,8108,5513,1,
001140,090848,1525910929.53054,12950,13000,13050,13100,13150,13200,13250,13300,13350,13400,1860,899,130,247,156,128,304,654,412,723,12850,12800,12750,12700,12650,12600,12550,12500,12450,12400,1155,872,209,515,1536,1182,1027,871,1106,135,8608,5513,1,
001140,090854,1525910935.2810512,12850,12950,13000,13050,13100,13150,13200,13250,13300,13350,545,160,899,130,247,156,128,304,654,412,12800,12750,12700,12650,12600,12550,12500,12450,12400,12300,872,209,515,1536,1182,1027,871,1106,135,600,8053,3635,1,
001140,090857,1525910938.2247608,12850,12950,13000,13050,13100,13150,13200,13250,13300,13350,545,153,899,130,247,156,128,304,654,412,12800,12750,12700,12650,12600,12550,12500,12450,12400,12300,872,209,515,1536,1182,1027,871,1106,135,600,8053,3628,1,
001140,090857,1525910939.0137327,12850,12950,13000,13050,13100,13150,13200,13250,13300,13350,445,153,899,130,247,156,128,304,654,412,12800,12750,12700,12650,12600,12550,12500,12450,12400,12300,872,209,515,1536,1182,1027,871,1106,135,600,8053,3528,1,
001140,090858,1525910939.3529015,12950,13000,13050,13100,13150,13200,13250,13300,13350,13400,153,899,130,247,156,128,304,654,412,723,12800,12750,12700,12650,12600,12550,12500,12450,12400,12300,872,209,515,1536,1182,1027,871,1106,135,600,8053,3806,1,
001140,090901,1525910943.034184,12950,13000,13050,13100,13150,13200,13250,13300,13350,13400,153,899,130,247,156,128,304,654,412,723,12850,12800,12750,12700,12650,12600,12550,12500,12450,12400,100,872,209,515,1536,1182,1027,871,1106,135,7553,3806,1,
001140,090917,1525910958.6062155,12950,13000,13050,13100,13150,13200,13250,13300,13350,13400,153,899,130,247,156,128,304,654,412,723,12850,12800,12750,12700,12650,12600,12550,12500,12450,12400,100,872,209,588,1536,1182,1027,871,1106,135,7626,3806,1,
001140,090918,1525910959.950292,12950,13000,13050,13100,13150,13200,13250,13300,13350,13400,153,899,130,247,156,128,304,654,412,723,12850,12800,12750,12700,12650,12600,12550,12500,12450,12400,119,872,209,588,1536,1182,1027,871,1106,135,7645,3806,1,
001140,090941,1525910982.7955801,12950,13000,13050,13100,13150,13200,13250,13300,13350,13400,151,899,130,247,156,128,304,654,412,723,12850,12800,12750,12700,12650,12600,12550,12500,12450,12400,119,872,209,588,1536,1182,1027,871,1106,135,7645,3804,1,
001140,090942,1525910983.1370199,12950,13000,13050,13100,13150,13200,13250,13300,13350,13400,138,899,130,247,156,128,304,654,412,723,12850,12800,12750,12700,12650,12600,12550,12500,12450,12400,119,872,209,588,1536,1182,1027,871,1106,135,7645,3791,1,
001140,090944,1525910985.452894,12950,13000,13050,13100,13150,13200,13250,13300,13350,13400,138,899,130,247,156,128,304,654,412,723,12850,12800,12750,12700,12650,12600,12550,12500,12450,12400,119,873,209,588,1536,1182,1027,871,1106,135,7646,3791,1,
001140,090951,1525910992.4383159,12950,13000,13050,13100,13150,13200,13250,13300,13350,13400,138,899,130,247,156,128,304,654,412,723,12850,12800,12750,12700,12650,12600,12550,12500,12450,12400,119,873,209,606,1536,1182,1027,871,1106,135,7664,3791,1,
001140,090952,1525910993.3819087,12950,13000,13050,13100,13150,13200,13250,13300,13350,13400,138,899,130,247,156,128,304,654,412,723,12850,12800,12750,12700,12650,12600,12550,12500,12450,12400,119,873,209,606,1536,1182,1027,871,1106,135,7664,3791,1,
001140,090959,1525911000.5745053,12950,13000,13050,13100,13150,13200,13250,13300,13350,13400,138,899,130,247,156,128,304,654,412,723,12850,12800,12750,12700,12650,12600,12550,12500,12450,12400,119,873,209,606,1536,1182,1027,871,1106,135,7664,3791,1,
001140,091002,1525911003.7465532,12950,13000,13050,13100,13150,13200,13250,13300,13350,13400,138,899,130,247,156,128,304,654,412,723,12850,12800,12750,12700,12650,12600,12550,12500,12450,12400,119,873,209,606,1536,2182,1027,871,1106,135,8664,3791,1,
001140,091006,1525911007.7047486,12950,13000,13050,13100,13150,13200,13250,13300,13350,13400,138,899,130,247,156,128,304,654,412,723,12850,12800,12750,12700,12650,12600,12550,12500,12450,12400,119,873,209,606,1536,2182,1027,871,1106,135,8664,3791,1,
001140,091021,1525911022.4316142,12950,13000,13050,13100,13150,13200,13250,13300,13350,13400,138,899,130,247,156,128,304,654,412,723,12850,12800,12750,12700,12650,12600,12550,12500,12450,12400,100,746,84,588,1536,2182,1027,871,1106,135,8375,3791,1,
001140,091022,1525911023.6173034,12950,13000,13050,13100,13150,13200,13250,13300,13350,13400,138,899,130,247,156,128,304,654,412,723,12850,12800,12750,12700,12650,12600,12550,12500,12450,12400,100,746,84,588,1536,2182,1027,871,1106,135,8375,3791,1,
001140,091023,1525911024.9710977,12950,13000,13050,13100,13150,13200,13250,13300,13350,13400,138,899,130,247,156,128,304,654,412,723,12850,12800,12750,12700,12650,12600,12550,12500,12450,12400,131,746,84,588,1536,2182,1027,871,1106,135,8406,3791,1,
001140,091042,1525911043.9193163,12950,13000,13050,13100,13150,13200,13250,13300,13350,13400,138,899,130,247,156,128,304,654,412,723,12850,12800,12750,12700,12650,12600,12550,12500,12450,12400,139,746,84,588,1536,2182,1027,871,1106,135,8414,3791,1,
001140,091043,1525911044.374787,12950,13000,13050,13100,13150,13200,13250,13300,13350,13400,138,899,130,247,156,128,304,654,412,723,12850,12800,12750,12700,12650,12600,12550,12500,12450,12400,139,746,84,588,1536,2182,1027,871,1106,135,8414,3791,1,
001140,091046,1525911047.535505,12950,13000,13050,13100,13150,13200,13250,13300,13350,13400,138,899,130,247,156,128,304,654,412,723,12850,12800,12750,12700,12650,12600,12550,12500,12450,12400,139,779,84,588,1536,2182,1027,871,1106,135,8447,3791,1,
001140,091049,1525911050.516822,12950,13000,13050,13100,13150,13200,13250,13300,13350,13400,138,899,130,247,156,128,304,654,412,723,12850,12800,12750,12700,12650,12600,12550,12500,12450,12400,139,779,84,588,1536,2182,1027,871,1106,135,8447,3791,1,
001140,091055,1525911056.9806476,12950,13000,13050,13100,13150,13200,13250,13300,13350,13400,138,899,130,247,156,128,304,654,412,723,12850,12800,12750,12700,12650,12600,12550,12500,12450,12400,139,779,84,588,1536,2182,1027,871,1106,135,8447,3791,1,
001140,091119,1525911080.384516,12950,13000,13050,13100,13150,13200,13250,13300,13350,13400,138,899,130,247,156,128,304,654,412,723,12850,12800,12750,12700,12650,12600,12550,12500,12450,12400,139,779,119,588,1536,2182,1027,871,1106,135,8482,3791,1,
001140,091119,1525911081.1116695,12950,13000,13050,13100,13150,13200,13250,13300,13350,13400,238,799,130,247,156,128,304,654,412,723,12850,12800,12750,12700,12650,12600,12550,12500,12450,12400,139,779,119,588,1536,2182,1027,871,1106,135,8482,3791,1,
001140,091125,1525911086.9895415,12950,13000,13050,13100,13150,13200,13250,13300,13350,13400,238,799,130,247,156,128,304,654,412,723,12850,12800,12750,12700,12650,12600,12550,12500,12450,12400,268,779,119,588,1536,2182,1027,871,1106,135,8611,3791,1,
001140,091127,1525911088.9614744,12950,13000,13050,13100,13150,13200,13250,13300,13350,13400,238,799,130,247,156,128,304,654,412,723,12850,12800,12750,12700,12650,12600,12550,12500,12450,12400,255,779,119,588,1536,2182,1027,871,1106,135,8598,3791,1,
001140,091142,1525911103.4071589,12950,13000,13050,13100,13150,13200,13250,13300,13350,13400,236,799,130,247,156,128,304,654,412,723,12850,12800,12750,12700,12650,12600,12550,12500,12450,12400,255,779,119,588,1536,2182,1027,871,1106,135,8598,3789,1,
001140,091144,1525911105.481985,12950,13000,13050,13100,13150,13200,13250,13300,13350,13400,236,799,130,247,156,128,304,654,412,723,12850,12800,12750,12700,12650,12600,12550,12500,12450,12400,126,779,119,588,1536,2182,1027,871,1106,135,8469,3789,1,
001140,091147,1525911108.1754024,12950,13000,13050,13100,13150,13200,13250,13300,13350,13400,236,799,130,247,156,128,304,654,412,723,12850,12800,12750,12700,12650,12600,12550,12500,12450,12400,126,779,219,588,1536,2182,1027,871,1106,135,8569,3789,1,
001140,091149,1525911110.3168454,12950,13000,13050,13100,13150,13200,13250,13300,13350,13400,237,799,130,247,156,128,304,654,412,723,12850,12800,12750,12700,12650,12600,12550,12500,12450,12400,126,779,219,588,1536,2182,1027,871,1106,135,8569,3790,1,
001140,091151,1525911112.6939902,12950,13000,13050,13100,13150,13200,13250,13300,13350,13400,237,799,130,247,156,128,304,654,412,723,12850,12800,12750,12700,12650,12600,12550,12500,12450,12400,126,779,219,630,1536,2182,1027,871,1106,135,8611,3790,1,
001140,091222,1525911143.3081882,12950,13000,13050,13100,13150,13200,13250,13300,13350,13400,237,799,130,247,156,128,304,654,412,723,12850,12800,12750,12700,12650,12600,12550,12500,12450,12400,126,779,219,630,1536,2182,1027,871,1106,135,8611,3790,1,
001140,091229,1525911151.0428789,12900,12950,13000,13050,13100,13150,13200,13250,13300,13350,50,237,799,130,247,156,128,304,654,412,12850,12800,12750,12700,12650,12600,12550,12500,12450,12400,126,779,219,630,1536,2182,1027,871,1106,135,8611,3117,1,
001140,091232,1525911153.3080869,12900,12950,13000,13050,13100,13150,13200,13250,13300,13350,50,237,799,130,247,156,128,304,654,412,12850,12800,12750,12700,12650,12600,12550,12500,12450,12400,126,779,219,630,1536,2182,1027,871,1106,135,8611,3117,1,
001140,091250,1525911171.962574,12900,12950,13000,13050,13100,13150,13200,13250,13300,13350,50,237,799,130,247,156,128,304,654,412,12850,12800,12750,12700,12650,12600,12550,12500,12450,12400,126,779,219,630,1125,2182,1027,871,1106,135,8200,3117,1,
001140,091251,1525911172.4099479,12900,12950,13000,13050,13100,13150,13200,13250,13300,13350,50,562,799,130,247,156,128,304,654,412,12850,12800,12750,12700,12650,12600,12550,12500,12450,12400,126,779,219,630,1125,2182,1027,871,1106,135,8200,3442,1,
001140,091254,1525911175.8417747,12900,12950,13000,13050,13100,13150,13200,13250,13300,13350,50,562,799,130,247,156,128,304,654,412,12850,12800,12750,12700,12650,12600,12550,12500,12450,12400,126,779,219,630,1125,2182,1027,871,1106,135,8200,3442,1,
001140,091257,1525911179.0100217,12900,12950,13000,13050,13100,13150,13200,13250,13300,13350,50,562,799,130,247,156,128,304,654,412,12850,12800,12750,12700,12650,12600,12550,12500,12450,12400,120,779,219,630,1125,2182,1027,871,1106,135,8194,3442,1,
001140,091302,1525911183.2912133,12900,12950,13000,13050,13100,13150,13200,13250,13300,13350,50,587,799,105,247,156,128,304,654,412,12850,12800,12750,12700,12650,12600,12550,12500,12450,12400,120,779,219,630,1125,2182,1027,871,1106,135,8194,3442,1,
001140,091312,1525911193.1608841,12900,12950,13000,13050,13100,13150,13200,13250,13300,13350,50,587,799,105,247,156,128,304,654,412,12850,12800,12750,12700,12650,12600,12550,12500,12450,12400,89,746,184,588,1125,2182,1027,871,1106,135,8053,3442,1,
001140,091312,1525911194.1120005,12900,12950,13000,13050,13100,13150,13200,13250,13300,13350,47,587,799,105,247,156,128,304,654,412,12850,12800,12750,12700,12650,12600,12550,12500,12450,12400,89,746,184,588,1125,2182,1027,871,1106,135,8053,3439,1,
001140,091314,1525911195.7974203,12900,12950,13000,13050,13100,13150,13200,13250,13300,13350,47,587,799,105,247,156,128,304,654,412,12850,12800,12750,12700,12650,12600,12550,12500,12450,12400,100,746,184,588,1125,2182,1027,871,1106,135,8064,3439,1,
001140,091336,1525911217.306637,12900,12950,13000,13050,13100,13150,13200,13250,13300,13350,47,587,799,105,247,156,128,304,654,412,12800,12750,12700,12650,12600,12550,12500,12450,12400,12300,245,184,588,1125,2182,1027,871,1106,135,2600,10063,3439,1,
001140,091336,1525911217.7066236,12900,12950,13000,13050,13100,13150,13200,13250,13300,13350,47,587,799,105,247,156,128,304,654,412,12800,12750,12700,12650,12600,12550,12500,12450,12400,12300,245,184,729,1125,2182,1027,871,1106,135,2600,10204,3439,1,
001140,091338,1525911219.7319083,12900,12950,13000,13050,13100,13150,13200,13250,13300,13350,47,587,799,105,247,156,128,304,654,412,12800,12750,12700,12650,12600,12550,12500,12450,12400,12300,272,184,729,1125,2182,1027,871,1106,135,2600,10231,3439,1,
001140,091358,1525911239.7660353,12900,12950,13000,13050,13100,13150,13200,13250,13300,13350,47,587,799,105,247,156,128,304,654,412,12800,12750,12700,12650,12600,12550,12500,12450,12400,12300,572,184,729,1125,2182,1027,871,1106,135,2600,10531,3439,1,
001140,091402,1525911243.6123357,12900,12950,13000,13050,13100,13150,13200,13250,13300,13350,47,587,799,105,247,156,128,304,654,412,12800,12750,12700,12650,12600,12550,12500,12450,12400,12300,572,198,729,1125,2182,1027,871,1106,135,2600,10545,3439,1,
001140,091404,1525911245.6527288,12900,12950,13000,13050,13100,13150,13200,13250,13300,13350,45,587,799,105,247,156,128,304,654,412,12800,12750,12700,12650,12600,12550,12500,12450,12400,12300,572,198,729,1125,2182,1027,871,1106,135,2600,10545,3437,1,
001140,091409,1525911250.622691,12900,12950,13000,13050,13100,13150,13200,13250,13300,13350,45,587,799,105,247,156,128,304,654,412,12800,12750,12700,12650,12600,12550,12500,12450,12400,12300,572,298,729,1125,2182,1027,871,1106,135,2600,10645,3437,1,
001140,091410,1525911251.5232718,12900,12950,13000,13050,13100,13150,13200,13250,13300,13350,45,587,799,105,247,156,128,304,654,412,12800,12750,12700,12650,12600,12550,12500,12450,12400,12300,572,350,729,1125,2182,1027,871,1106,135,2600,10697,3437,1,
001140,091421,1525911263.0804946,12950,13000,13050,13100,13150,13200,13250,13300,13350,13400,587,799,105,247,156,128,304,654,412,723,12900,12800,12750,12700,12650,12600,12550,12500,12450,12400,55,572,350,729,1125,2182,1027,871,1106,135,8152,4115,1,
001140,091426,1525911267.8686156,12950,13000,13050,13100,13150,13200,13250,13300,13350,13400,586,799,105,247,156,128,304,654,412,723,12900,12800,12750,12700,12650,12600,12550,12500,12450,12400,55,572,350,729,1125,2182,1027,871,1106,135,8152,4114,1,
001140,091430,1525911271.831406,12950,13000,13050,13100,13150,13200,13250,13300,13350,13400,586,799,105,247,156,128,304,654,412,723,12900,12800,12750,12700,12650,12600,12550,12500,12450,12400,111,572,350,729,1125,2182,1027,871,1106,135,8208,4114,1,
001140,091434,1525911275.883211,12950,13000,13050,13100,13150,13200,13250,13300,13350,13400,586,799,105,247,156,128,304,654,412,723,12900,12850,12800,12750,12700,12650,12600,12550,12500,12450,111,1,571,350,729,1125,2182,1027,871,1106,8073,4114,1,
001140,091505,1525911306.4232366,12950,13000,13050,13100,13150,13200,13250,13300,13350,13400,586,799,105,247,156,128,304,654,412,723,12900,12850,12800,12750,12700,12650,12600,12550,12500,12450,111,60,571,350,729,1125,2182,1027,871,1106,8132,4114,1,
001140,091513,1525911314.945656,12950,13000,13050,13100,13150,13200,13250,13300,13350,13400,586,799,105,247,156,128,304,654,412,723,12900,12850,12800,12750,12700,12650,12600,12550,12500,12450,81,60,571,350,729,1125,2182,1027,871,1106,8102,4114,1,
001140,091519,1525911320.9861774,12950,13000,13050,13100,13150,13200,13250,13300,13350,13400,586,799,105,247,156,128,304,654,412,723,12900,12850,12800,12750,12700,12650,12600,12550,12500,12450,81,60,571,350,729,1125,2182,1027,871,1106,8102,4114,1,
001140,091520,1525911322.1241891,12950,13000,13050,13100,13150,13200,13250,13300,13350,13400,586,799,105,247,156,128,304,654,412,723,12900,12850,12800,12750,12700,12650,12600,12550,12500,12450,81,60,571,250,729,1125,2182,1027,871,1106,8002,4114,1,
001140,091525,1525911326.401656,12950,13000,13050,13100,13150,13200,13250,13300,13350,13400,586,799,105,247,156,128,304,654,412,723,12900,12850,12800,12750,12700,12650,12600,12550,12500,12450,81,60,571,250,729,1125,2182,1027,871,1106,8002,4114,1,
001140,091536,1525911338.0654898,12950,13000,13050,13100,13150,13200,13250,13300,13350,13400,586,799,105,247,156,128,304,654,412,723,12900,12850,12800,12750,12700,12650,12600,12550,12500,12450,80,60,571,250,729,1125,2182,1027,871,1106,8001,4114,1,
001140,091545,1525911346.3073928,12950,13000,13050,13100,13150,13200,13250,13300,13350,13400,586,799,105,247,156,128,304,654,412,723,12900,12850,12800,12750,12700,12650,12600,12550,12500,12450,80,60,601,250,729,1125,2182,1027,871,1106,8031,4114,1,
001140,091546,1525911347.4316905,12950,13000,13050,13100,13150,13200,13250,13300,13350,13400,586,799,105,247,156,128,304,654,412,723,12900,12850,12800,12750,12700,12650,12600,12550,12500,12450,80,60,601,251,729,1125,2182,1027,871,1106,8032,4114,1,
001140,091554,1525911355.8454418,12950,13000,13050,13100,13150,13200,13250,13300,13350,13400,586,799,105,247,156,128,304,654,412,723,12900,12850,12800,12750,12700,12650,12600,12550,12500,12450,80,70,601,251,729,1125,2182,1027,871,1106,8042,4114,1,
001140,091557,1525911358.3663223,12950,13000,13050,13100,13150,13200,13250,13300,13350,13400,585,799,105,247,156,128,304,654,412,723,12900,12850,12800,12750,12700,12650,12600,12550,12500,12450,80,70,601,251,729,1125,2182,1027,871,1106,8042,4113,1,
001140,091601,1525911362.1521907,12950,13000,13050,13100,13150,13200,13250,13300,13350,13400,585,799,105,247,156,128,304,654,412,723,12900,12850,12800,12750,12700,12650,12600,12550,12500,12450,180,70,601,251,729,1125,2182,1027,871,1106,8142,4113,1,
001140,091603,1525911364.2336588,12950,13000,13050,13100,13150,13200,13250,13300,13350,13400,585,799,105,247,156,128,304,654,412,723,12900,12850,12800,12750,12700,12650,12600,12550,12500,12450,180,70,601,251,729,1125,2182,1027,871,1106,8142,4113,1,
001140,091604,1525911365.2057302,12950,13000,13050,13100,13150,13200,13250,13300,13350,13400,85,799,105,247,156,128,304,654,412,723,12900,12850,12800,12750,12700,12650,12600,12550,12500,12450,180,70,601,251,729,1125,2182,1027,871,1106,8142,3613,1,
001140,091604,1525911365.6037965,12950,13000,13050,13100,13150,13200,13250,13300,13350,13400,50,799,105,247,156,128,304,654,412,723,12900,12850,12800,12750,12700,12650,12600,12550,12500,12450,180,70,601,251,729,1125,2182,1027,871,1106,8142,3578,1,
001140,091619,1525911380.1687357,12950,13000,13050,13100,13150,13200,13250,13300,13350,13400,50,799,105,247,156,128,304,654,412,723,12900,12850,12800,12750,12700,12650,12600,12550,12500,12450,180,70,601,251,729,1125,2182,1027,871,1106,8142,3578,1,
001140,091625,1525911386.4182417,13000,13050,13100,13150,13200,13250,13300,13350,13400,13450,799,105,247,156,128,304,654,412,723,400,12900,12850,12800,12750,12700,12650,12600,12550,12500,12450,180,70,601,251,729,1125,2182,1027,871,1106,8142,3928,1,
001140,091634,1525911396.1287863,13000,13050,13100,13150,13200,13250,13300,13350,13400,13450,799,105,247,156,128,304,654,412,723,400,12900,12850,12800,12750,12700,12650,12600,12550,12500,12450,156,70,601,251,729,1125,2182,1027,871,1106,8118,3928,1,
001140,091636,1525911397.9308212,13000,13050,13100,13150,13200,13250,13300,13350,13400,13450,499,105,247,156,128,304,654,412,723,400,12900,12850,12800,12750,12700,12650,12600,12550,12500,12450,156,70,301,251,729,1125,2182,1027,871,1106,7818,3628,1,
001140,091637,1525911398.7230716,13000,13050,13100,13150,13200,13250,13300,13350,13400,13450,499,105,247,156,128,304,654,412,723,400,12900,12850,12800,12750,12700,12650,12600,12550,12500,12450,156,70,301,251,929,1125,2182,1027,871,1106,8018,3628,1,
001140,091641,1525911402.450798,13000,13050,13100,13150,13200,13250,13300,13350,13400,13450,499,105,247,156,128,304,654,412,723,400,12900,12850,12800,12750,12700,12650,12600,12550,12500,12450,100,11,274,199,929,1125,2182,1027,871,1106,7824,3628,1,
001140,091641,1525911402.902514,13000,13050,13100,13150,13200,13250,13300,13350,13400,13450,499,105,247,156,128,304,654,412,723,400,12900,12850,12800,12750,12700,12650,12600,12550,12500,12450,100,11,339,199,929,1125,2182,1027,871,1106,7889,3628,1,
001140,091643,1525911404.1954181,13000,13050,13100,13150,13200,13250,13300,13350,13400,13450,499,105,247,156,128,304,654,412,723,400,12900,12850,12800,12750,12700,12650,12600,12550,12500,12450,138,11,339,199,929,1125,2182,1027,871,1106,7927,3628,1,
001140,091648,1525911409.597821,13000,13050,13100,13150,13200,13250,13300,13350,13400,13450,499,105,247,156,128,304,654,412,723,400,12900,12850,12800,12750,12700,12650,12600,12550,12500,12450,138,11,339,199,856,1125,2182,1027,871,1106,7854,3628,1,
001140,091649,1525911411.121558,13050,13100,13150,13200,13250,13300,13350,13400,13450,13500,105,247,156,128,304,654,412,723,400,1264,13000,12900,12850,12800,12750,12700,12650,12600,12550,12500,1,138,11,339,199,856,1125,2182,1027,871,6749,4393,1,
001140,091651,1525911412.5343537,13050,13100,13150,13200,13250,13300,13350,13400,13450,13500,105,247,156,128,304,654,412,723,400,1264,13000,12900,12850,12800,12750,12700,12650,12600,12550,12500,45,138,11,339,199,856,1125,2182,1027,871,6793,4393,1,
001140,091653,1525911414.7925737,13050,13100,13150,13200,13250,13300,13350,13400,13450,13500,105,247,156,128,304,654,412,723,400,1264,13000,12900,12850,12800,12750,12700,12650,12600,12550,12500,45,138,11,339,199,861,1125,2182,1027,871,6798,4393,1,
001140,091654,1525911415.2493875,13050,13100,13150,13200,13250,13300,13350,13400,13450,13500,105,247,156,128,304,654,412,723,400,1264,13000,12900,12850,12800,12750,12700,12650,12600,12550,12500,61,138,11,339,199,861,1125,2182,1027,871,6814,4393,1,
001140,091655,1525911416.5992687,13050,13100,13150,13200,13250,13300,13350,13400,13450,13500,101,247,156,128,304,654,412,723,400,1264,13000,12900,12850,12800,12750,12700,12650,12600,12550,12500,82,138,11,339,199,861,1125,2182,1027,871,6835,4389,1,
001140,091655,1525911417.0487533,13050,13100,13150,13200,13250,13300,13350,13400,13450,13500,93,247,156,128,304,654,412,723,400,1264,13000,12900,12850,12800,12750,12700,12650,12600,12550,12500,82,138,11,339,199,861,1125,2182,1027,871,6835,4381,1,
001140,091657,1525911419.0239437,13050,13100,13150,13200,13250,13300,13350,13400,13450,13500,93,247,156,128,304,654,412,723,400,1264,13000,12900,12850,12800,12750,12700,12650,12600,12550,12500,82,138,11,339,199,861,1125,2182,1027,971,6935,4381,1,
001140,091658,1525911420.1584659,13050,13100,13150,13200,13250,13300,13350,13400,13450,13500,93,247,156,128,304,654,412,723,400,1264,13000,12900,12850,12800,12750,12700,12650,12600,12550,12500,82,138,11,339,204,861,1125,2182,1027,971,6940,4381,1,
001140,091659,1525911420.4413457,13050,13100,13150,13200,13250,13300,13350,13400,13450,13500,22,247,156,128,304,654,412,723,400,1264,13000,12900,12850,12800,12750,12700,12650,12600,12550,12500,82,138,11,339,204,861,1125,2182,1027,971,6940,4310,1,
001140,091659,1525911420.8367503,13100,13150,13200,13250,13300,13350,13400,13450,13500,13550,247,156,128,304,654,412,723,400,1264,338,13000,12900,12850,12800,12750,12700,12650,12600,12550,12500,52,138,11,339,204,861,1125,2182,1027,971,6910,4626,1,
001140,091703,1525911424.5073054,13100,13150,13200,13250,13300,13350,13400,13450,13500,13550,245,156,128,304,654,412,723,400,1264,338,13000,12900,12850,12800,12750,12700,12650,12600,12550,12500,52,138,11,339,204,861,1125,2182,1027,971,6910,4624,1,
001140,091703,1525911424.8447492,13100,13150,13200,13250,13300,13350,13400,13450,13500,13550,242,156,128,304,654,412,723,400,1264,338,13000,12900,12850,12800,12750,12700,12650,12600,12550,12500,52,138,11,339,204,861,1125,2182,1027,971,6910,4621,1,
001140,091704,1525911425.2393994,13100,13150,13200,13250,13300,13350,13400,13450,13500,13550,242,156,128,304,654,412,723,400,1264,338,13000,12950,12900,12850,12800,12750,12700,12650,12600,12550,52,1,138,10,339,204,861,1125,2182,1027,5939,4621,1,
001140,091708,1525911429.8580194,13100,13150,13200,13250,13300,13350,13400,13450,13500,13550,577,156,128,304,654,412,723,400,1264,338,13000,12950,12900,12850,12800,12750,12700,12650,12600,12550,52,1,138,10,339,204,861,1125,2182,1027,5939,4956,1,
001140,091713,1525911434.4829338,13100,13150,13200,13250,13300,13350,13400,13450,13500,13550,527,156,128,304,654,412,723,400,1264,338,13000,12950,12900,12850,12800,12750,12700,12650,12600,12550,52,1,138,10,339,204,861,1125,2182,1027,5939,4906,1,
001140,091725,1525911446.8324125,13100,13150,13200,13250,13300,13350,13400,13450,13500,13550,527,156,128,304,654,412,723,400,1264,338,13000,12950,12900,12850,12800,12750,12700,12650,12600,12550,52,81,138,10,339,204,861,1125,2182,1027,6019,4906,1,
001140,091731,1525911452.9155197,13100,13150,13200,13250,13300,13350,13400,13450,13500,13550,527,156,128,304,654,412,723,400,1264,338,13000,12950,12900,12850,12800,12750,12700,12650,12600,12550,52,82,138,10,339,204,861,1125,2182,1027,6020,4906,1,
001140,091734,1525911455.681056,13100,13150,13200,13250,13300,13350,13400,13450,13500,13550,527,156,128,304,654,412,723,400,1264,338,13000,12950,12900,12850,12800,12750,12700,12650,12600,12550,52,102,138,10,339,204,861,1125,2182,1027,6040,4906,1,
001140,091737,1525911458.955154,13100,13150,13200,13250,13300,13350,13400,13450,13500,13550,527,156,128,304,654,412,723,400,1264,338,13000,12950,12900,12850,12800,12750,12700,12650,12600,12550,42,102,138,10,339,204,861,1125,2182,1027,6030,4906,1,
001140,091746,1525911467.3597152,13000,13100,13150,13200,13250,13300,13350,13400,13450,13500,958,527,156,128,304,654,412,723,400,1264,12950,12900,12850,12800,12750,12700,12650,12600,12550,12500,102,138,10,339,204,861,1125,2182,1027,971,6959,5526,1,
001140,091752,1525911473.4804342,13000,13100,13150,13200,13250,13300,13350,13400,13450,13500,958,527,156,128,304,654,412,723,1054,1264,12950,12900,12850,12800,12750,12700,12650,12600,12550,12500,102,138,10,339,204,861,1125,2182,1027,971,6959,6180,1,
001140,091753,1525911475.0630543,13000,13100,13150,13200,13250,13300,13350,13400,13450,13500,958,527,156,128,304,654,412,723,1054,1264,12950,12900,12850,12800,12750,12700,12650,12600,12550,12500,102,138,399,339,204,861,1125,2182,1027,971,7348,6180,1,
001140,091755,1525911476.5379007,13000,13100,13150,13200,13250,13300,13350,13400,13450,13500,958,527,156,128,304,1254,412,723,1054,1264,12950,12900,12850,12800,12750,12700,12650,12600,12550,12500,102,138,399,339,204,861,1125,2182,1027,971,7348,6780,1,
001140,091758,1525911479.296206,13000,13100,13150,13200,13250,13300,13350,13400,13450,13500,958,527,156,128,304,1254,412,723,1054,1264,12950,12900,12850,12800,12750,12700,12650,12600,12550,12500,27,138,399,339,204,861,1125,2182,1027,971,7273,6780,1,
001140,091803,1525911484.664206,13000,13100,13150,13200,13250,13300,13350,13400,13450,13500,958,527,156,128,304,1254,412,723,1054,1264,12950,12900,12850,12800,12750,12700,12650,12600,12550,12500,27,138,524,339,204,861,1125,2182,1027,971,7398,6780,1,
001140,091805,1525911486.747897,13000,13100,13150,13200,13250,13300,13350,13400,13450,13500,958,192,156,128,304,1254,412,723,1054,1264,12950,12900,12850,12800,12750,12700,12650,12600,12550,12500,27,138,524,339,204,861,1125,2182,1027,971,7398,6445,1,
001140,091809,1525911490.5325878,13000,13050,13100,13150,13200,13250,13300,13350,13400,13450,958,5,192,156,128,304,1254,412,723,1054,12950,12900,12850,12800,12750,12700,12650,12600,12550,12500,27,138,524,339,204,861,1125,2182,1027,971,7398,5186,1,
001140,091810,1525911491.5621796,12950,13000,13050,13100,13150,13200,13250,13300,13350,13400,23,958,5,192,156,128,304,1254,412,723,12900,12850,12800,12750,12700,12650,12600,12550,12500,12450,138,524,339,204,861,1125,2182,1027,971,1106,8477,4155,1,
001140,091811,1525911492.1273925,13000,13050,13100,13150,13200,13250,13300,13350,13400,13450,958,5,192,156,128,304,1254,412,723,1054,12900,12850,12800,12750,12700,12650,12600,12550,12500,12450,138,524,339,204,861,1125,2182,1027,971,1106,8477,5186,1,
001140,091826,1525911508.061984,13000,13050,13100,13150,13200,13250,13300,13350,13400,13450,958,5,258,156,128,304,1254,412,723,1054,12900,12850,12800,12750,12700,12650,12600,12550,12500,12450,138,524,339,204,861,1125,2182,1027,971,1106,8477,5252,1,
001140,091828,1525911509.425345,13000,13050,13100,13150,13200,13250,13300,13350,13400,13450,958,5,258,156,128,304,1254,412,723,400,12900,12850,12800,12750,12700,12650,12600,12550,12500,12450,138,524,339,204,861,1125,2182,1027,971,1106,8477,4598,1,
001140,091833,1525911514.767464,13000,13050,13100,13150,13200,13250,13300,13350,13400,13450,957,5,258,156,128,304,1254,412,723,400,12900,12850,12800,12750,12700,12650,12600,12550,12500,12450,138,524,339,204,861,1125,2182,1027,971,1106,8477,4597,1,
001140,091837,1525911518.2460363,13000,13050,13100,13150,13200,13250,13300,13350,13400,13450,957,5,258,156,128,304,1254,412,723,400,12900,12850,12800,12750,12700,12650,12600,12550,12500,12450,138,524,483,204,861,1125,2182,1027,971,1106,8621,4597,1,
001140,091838,1525911520.1032333,13000,13050,13100,13150,13200,13250,13300,13350,13400,13450,957,5,258,156,128,304,1254,412,723,400,12900,12850,12800,12750,12700,12650,12600,12550,12500,12450,231,524,483,204,861,1125,2182,1027,971,1106,8714,4597,1,
001140,091843,1525911524.1441271,13000,13050,13100,13150,13200,13250,13300,13350,13400,13450,375,5,258,156,128,304,1254,412,723,400,12900,12850,12800,12750,12700,12650,12600,12550,12500,12450,231,524,483,204,861,1125,2182,1027,971,1106,8714,4015,1,
001140,091858,1525911540.1286259,13000,13050,13100,13150,13200,13250,13300,13350,13400,13450,374,5,258,156,128,304,1254,412,723,400,12900,12850,12800,12750,12700,12650,12600,12550,12500,12450,231,524,483,204,861,1125,2182,1027,971,1106,8714,4014,1,
001140,091902,1525911543.6244102,13000,13050,13100,13150,13200,13250,13300,13350,13400,13450,374,5,258,156,128,304,1254,412,723,400,12900,12850,12800,12750,12700,12650,12600,12550,12500,12450,231,524,483,204,861,1125,2182,1027,471,1106,8214,4014,1,
001140,091904,1525911545.9871833,13000,13050,13100,13150,13200,13250,13300,13350,13400,13450,374,5,258,156,128,958,1254,412,723,400,12900,12850,12800,12750,12700,12650,12600,12550,12500,12450,231,524,483,204,861,1125,2182,1027,471,1106,8214,4668,1,
001140,091908,1525911549.7079377,13000,13050,13100,13150,13200,13250,13300,13350,13400,13450,374,5,258,156,128,958,1254,412,723,400,12900,12850,12800,12750,12700,12650,12600,12550,12500,12450,231,524,483,293,861,1125,2182,1027,471,1106,8303,4668,1,
001140,091919,1525911561.0006099,13100,13150,13200,13250,13300,13350,13400,13450,13500,13550,227,156,128,958,1254,412,723,400,1264,338,12900,12850,12800,12750,12700,12650,12600,12550,12500,12450,231,524,483,293,861,1125,2182,1027,471,1106,8303,5860,1,
001140,091926,1525911567.320284,13100,13150,13200,13250,13300,13350,13400,13450,13500,13550,756,156,128,958,1254,412,723,400,1264,338,12900,12850,12800,12750,12700,12650,12600,12550,12500,12450,231,524,483,293,861,1125,2182,1027,471,1106,8303,6389,1,
001140,091927,1525911568.163955,13100,13150,13200,13250,13300,13350,13400,13450,13500,13550,756,156,128,958,1254,412,723,400,1264,338,12950,12900,12850,12800,12750,12700,12650,12600,12550,12500,520,231,524,483,293,861,1125,2182,1027,471,7717,6389,1,
001140,091927,1525911568.608779,13100,13150,13200,13250,13300,13350,13400,13450,13500,13550,756,156,128,958,1254,412,723,400,1264,338,12950,12900,12850,12800,12750,12700,12650,12600,12550,12500,520,231,524,483,293,720,1125,2182,1027,471,7576,6389,1,
001140,091941,1525911582.4693623,13100,13150,13200,13250,13300,13350,13400,13450,13500,13550,756,157,128,958,1254,412,723,400,1264,338,12950,12900,12850,12800,12750,12700,12650,12600,12550,12500,520,231,524,483,293,720,1125,2182,1027,471,7576,6390,1,
001140,091942,1525911583.358675,13100,13150,13200,13250,13300,13350,13400,13450,13500,13550,756,157,128,958,1254,412,723,400,1264,338,12950,12900,12850,12800,12750,12700,12650,12600,12550,12500,694,231,524,483,293,720,1125,2182,1027,471,7750,6390,1,
001140,091942,1525911583.874295,13100,13150,13200,13250,13300,13350,13400,13450,13500,13550,756,157,128,958,1254,412,723,400,1264,338,12950,12900,12850,12800,12750,12700,12650,12600,12550,12500,694,231,524,483,204,720,1125,2182,1027,471,7661,6390,1,
001140,091945,1525911586.743927,13050,13100,13150,13200,13250,13300,13350,13400,13450,13500,100,756,157,128,958,1254,412,723,400,1264,12950,12900,12850,12800,12750,12700,12650,12600,12550,12500,694,231,524,483,204,720,1125,2182,1027,471,7661,6152,1,
001140,091945,1525911587.085124,13100,13150,13200,13250,13300,13350,13400,13450,13500,13550,756,157,128,958,1254,412,723,400,1264,338,12950,12900,12850,12800,12750,12700,12650,12600,12550,12500,694,231,524,483,204,720,1125,2182,1027,471,7661,6390,1,
001140,091950,1525911592.0963197,13100,13150,13200,13250,13300,13350,13400,13450,13500,13550,756,157,228,958,1254,412,723,400,1264,338,12950,12900,12850,12800,12750,12700,12650,12600,12550,12500,694,231,524,483,204,720,1125,2182,1027,471,7661,6490,1,
001140,091953,1525911594.6905372,13100,13150,13200,13250,13300,13350,13400,13450,13500,13550,755,157,228,958,1254,412,723,400,1264,338,12950,12900,12850,12800,12750,12700,12650,12600,12550,12500,694,231,524,483,204,720,1125,2182,1027,471,7661,6489,1,
001140,091959,1525911600.4316363,13150,13200,13250,13300,13350,13400,13450,13500,13550,13600,157,228,958,1254,412,723,400,1264,338,473,13100,12950,12900,12850,12800,12750,12700,12650,12600,12550,245,694,231,524,483,204,720,1125,2182,1027,7435,6207,1,
001140,091959,1525911600.9370048,13150,13200,13250,13300,13350,13400,13450,13500,13550,13600,157,228,958,1254,412,723,400,1264,338,473,12950,12900,12850,12800,12750,12700,12650,12600,12550,12500,694,231,524,418,204,720,1125,2182,1027,471,7596,6207,1,
001140,092002,1525911604.0857344,13050,13150,13200,13250,13300,13350,13400,13450,13500,13550,50,157,228,958,1254,412,723,400,1264,338,12950,12900,12850,12800,12750,12700,12650,12600,12550,12500,694,231,524,418,204,720,1125,2182,1027,471,7596,5784,1,
001140,092003,1525911604.5347688,13150,13200,13250,13300,13350,13400,13450,13500,13550,13600,157,228,958,1254,412,723,400,1264,338,473,12950,12900,12850,12800,12750,12700,12650,12600,12550,12500,694,231,524,418,204,720,1125,2182,1027,471,7596,6207,1,
001140,092003,1525911605.025218,13150,13200,13250,13300,13350,13400,13450,13500,13550,13600,207,228,958,1254,412,723,400,1264,338,473,12950,12900,12850,12800,12750,12700,12650,12600,12550,12500,694,231,524,418,204,720,1125,2182,1027,471,7596,6257,1,
001140,092006,1525911607.4069595,13150,13200,13250,13300,13350,13400,13450,13500,13550,13600,307,237,958,1254,412,723,400,1264,338,473,12950,12900,12850,12800,12750,12700,12650,12600,12550,12500,694,231,524,418,204,720,1125,2182,1027,471,7596,6366,1,
001140,092007,1525911608.476421,13150,13200,13250,13300,13350,13400,13450,13500,13550,13600,307,237,958,1254,412,723,400,1264,338,473,12950,12900,12850,12800,12750,12700,12650,12600,12550,12500,694,231,524,419,204,720,1125,2182,1027,471,7597,6366,1,
001140,092010,1525911611.182578,13150,13200,13250,13300,13350,13400,13450,13500,13550,13600,307,237,958,1254,412,723,400,1264,338,473,12950,12900,12850,12800,12750,12700,12650,12600,12550,12500,694,231,525,419,204,720,1125,2182,1027,471,7598,6366,1,
001140,092011,1525911612.7646346,13150,13200,13250,13300,13350,13400,13450,13500,13550,13600,307,237,958,1254,412,723,400,1264,338,473,12950,12900,12850,12800,12750,12700,12650,12600,12550,12500,694,138,525,419,204,720,1125,2182,1027,471,7505,6366,1,
001140,092012,1525911613.155896,13100,13150,13200,13250,13300,13350,13400,13450,13500,13550,100,307,237,958,1254,412,723,400,1264,338,12950,12900,12850,12800,12750,12700,12650,12600,12550,12500,694,138,525,419,204,720,1125,2182,1027,471,7505,5993,1,
001140,092012,1525911614.0040112,13100,13150,13200,13250,13300,13350,13400,13450,13500,13550,100,307,237,958,1254,412,723,400,1264,338,12950,12900,12850,12800,12750,12700,12650,12600,12550,12500,694,139,525,419,204,720,1125,2182,1027,471,7506,5993,1,
001140,092016,1525911617.44122,13100,13150,13200,13250,13300,13350,13400,13450,13500,13550,100,307,237,958,1254,412,723,400,1264,338,12950,12900,12850,12800,12750,12700,12650,12600,12550,12500,694,139,525,419,205,720,1125,2182,1027,471,7507,5993,1,
001140,092017,1525911618.5236416,13100,13150,13200,13250,13300,13350,13400,13450,13500,13550,100,307,237,958,1254,412,723,400,1264,338,13000,12950,12900,12850,12800,12750,12700,12650,12600,12550,100,694,139,525,419,205,720,1125,2182,1027,7136,5993,1,
001140,092018,1525911619.8782966,13100,13150,13200,13250,13300,13350,13400,13450,13500,13550,100,307,237,958,1254,412,723,400,1264,338,13050,13000,12950,12900,12850,12800,12750,12700,12650,12600,92,100,694,139,525,419,205,720,1125,2182,6201,5993,1,
001140,092019,1525911621.0080237,13100,13150,13200,13250,13300,13350,13400,13450,13500,13550,100,307,237,958,1254,412,723,400,1264,338,13050,13000,12950,12900,12850,12800,12750,12700,12650,12600,92,100,520,101,400,275,205,720,1125,2182,5720,5993,1,
001140,092022,1525911623.488704,13100,13150,13200,13250,13300,13350,13400,13450,13500,13550,100,307,237,958,1254,412,723,400,1264,338,13050,13000,12950,12900,12850,12800,12750,12700,12650,12600,92,100,555,101,400,275,205,720,1125,2182,5755,5993,1,
001140,092025,1525911626.9898949,13100,13150,13200,13250,13300,13350,13400,13450,13500,13550,100,307,237,958,1254,412,723,400,1264,338,13050,13000,12950,12900,12850,12800,12750,12700,12650,12600,100,100,555,101,400,275,205,720,1125,2182,5763,5993,1,
001140,092033,1525911634.112526,13100,13150,13200,13250,13300,13350,13400,13450,13500,13550,8,307,237,958,1254,412,723,400,1264,338,13050,13000,12950,12900,12850,12800,12750,12700,12650,12600,8,100,555,101,400,275,205,720,1125,2182,5671,5901,1,
001140,092033,1525911634.561949,13100,13150,13200,13250,13300,13350,13400,13450,13500,13550,8,307,237,958,1254,412,723,400,1264,338,13000,12950,12900,12850,12800,12750,12700,12650,12600,12550,100,555,101,400,275,205,720,1125,2182,1027,6690,5901,1,
001140,092033,1525911634.8900058,13150,13200,13250,13300,13350,13400,13450,13500,13550,13600,307,237,958,1254,412,723,400,1264,338,473,13000,12950,12900,12850,12800,12750,12700,12650,12600,12550,100,555,101,400,275,205,720,1125,2182,1027,6690,6366,1,
001140,092038,1525911639.5853903,13150,13200,13250,13300,13350,13400,13450,13500,13550,13600,307,237,958,1254,412,723,400,1264,338,473,13000,12950,12900,12850,12800,12750,12700,12650,12600,12550,108,555,101,400,275,205,720,1125,2182,1027,6698,6366,1,
001140,092040,1525911641.7788527,13150,13200,13250,13300,13350,13400,13450,13500,13550,13600,305,237,958,1254,412,723,400,1264,338,473,13000,12950,12900,12850,12800,12750,12700,12650,12600,12550,108,555,101,400,275,205,720,1125,2182,1027,6698,6364,1,
001140,092046,1525911648.1064234,13150,13200,13250,13300,13350,13400,13450,13500,13550,13600,305,237,958,1254,412,723,400,1264,338,473,13000,12950,12900,12850,12800,12750,12700,12650,12600,12550,108,555,101,400,275,205,720,1125,2182,1027,6698,6364,1,
001140,092048,1525911649.68646,13150,13200,13250,13300,13350,13400,13450,13500,13550,13600,305,337,958,1254,412,723,400,1264,338,473,13000,12950,12900,12850,12800,12750,12700,12650,12600,12550,108,555,101,400,275,205,720,1125,2182,1027,6698,6464,1,
001140,092053,1525911654.4692764,13100,13150,13200,13250,13300,13350,13400,13450,13500,13550,100,305,337,958,1254,412,723,400,1264,338,13000,12950,12900,12850,12800,12750,12700,12650,12600,12550,108,555,101,400,275,205,720,1125,2182,1027,6698,6091,1,
001140,092053,1525911654.9177554,13100,13150,13200,13250,13300,13350,13400,13450,13500,13550,100,305,337,958,1254,412,723,400,1264,338,13000,12950,12900,12850,12800,12750,12700,12650,12600,12550,184,555,101,400,275,205,720,1125,2182,1027,6774,6091,1,
001140,092055,1525911656.3213918,13100,13150,13200,13250,13300,13350,13400,13450,13500,13550,100,305,337,958,1254,412,723,400,1264,338,13000,12950,12900,12850,12800,12750,12700,12650,12600,12550,184,555,101,400,275,205,720,1125,2182,1027,6774,6091,1,
001140,092107,1525911668.502119,13100,13150,13200,13250,13300,13350,13400,13450,13500,13550,100,335,337,958,1254,412,723,400,1264,338,13000,12950,12900,12850,12800,12750,12700,12650,12600,12550,184,555,101,400,275,205,720,1125,2182,1027,6774,6121,1,
001140,092109,1525911670.422064,13100,13150,13200,13250,13300,13350,13400,13450,13500,13550,100,335,337,958,1254,412,723,400,1264,338,13000,12950,12900,12850,12800,12750,12700,12650,12600,12550,184,555,101,400,275,205,720,1125,2182,1027,6774,6121,1,
001140,092110,1525911672.0534923,13100,13150,13200,13250,13300,13350,13400,13450,13500,13550,100,335,337,958,1254,412,723,400,1264,338,13000,12950,12900,12850,12800,12750,12700,12650,12600,12550,184,555,111,400,275,205,720,1125,2182,1027,6784,6121,1,
001140,092113,1525911674.9880428,13100,13150,13200,13250,13300,13350,13400,13450,13500,13550,100,335,387,958,1254,412,723,400,1264,338,13000,12950,12900,12850,12800,12750,12700,12650,12600,12550,184,555,111,400,275,205,720,1125,2182,1027,6784,6171,1,
001140,092117,1525911678.316456,13100,13150,13200,13250,13300,13350,13400,13450,13500,13550,24,335,387,958,1254,412,723,400,1264,338,13000,12950,12900,12850,12800,12750,12700,12650,12600,12550,108,555,111,400,275,205,720,1125,2182,1027,6708,6095,1,
001140,092117,1525911678.540899,13100,13150,13200,13250,13300,13350,13400,13450,13500,13550,17,335,387,958,1254,412,723,400,1264,338,13000,12950,12900,12850,12800,12750,12700,12650,12600,12550,108,555,111,400,275,205,720,1125,2182,1027,6708,6088,1,
001140,092118,1525911679.160864,13100,13150,13200,13250,13300,13350,13400,13450,13500,13550,17,335,387,958,1254,412,723,400,1264,338,13000,12950,12900,12850,12800,12750,12700,12650,12600,12550,58,555,111,400,275,205,720,1125,2182,1027,6658,6088,1,
001140,092124,1525911686.048228,13100,13150,13200,13250,13300,13350,13400,13450,13500,13550,117,335,387,958,1254,412,723,400,1264,338,13000,12950,12900,12850,12800,12750,12700,12650,12600,12550,58,555,111,400,275,205,720,1125,2182,1027,6658,6188,1,
001140,092130,1525911691.3561466,13100,13150,13200,13250,13300,13350,13400,13450,13500,13550,117,305,387,958,1254,412,723,400,1264,338,13000,12950,12900,12850,12800,12750,12700,12650,12600,12550,58,555,111,400,275,205,720,1125,2182,1027,6658,6158,1,
001140,092135,1525911697.0968974,13100,13150,13200,13250,13300,13350,13400,13450,13500,13550,117,305,387,958,1254,412,723,400,1264,338,13000,12950,12900,12850,12800,12750,12700,12650,12600,12550,58,555,111,400,275,205,720,1125,2182,1027,6658,6158,1,
001140,092140,1525911701.8790033,13100,13150,13200,13250,13300,13350,13400,13450,13500,13550,117,305,387,958,1254,412,723,400,1264,338,13000,12950,12900,12850,12800,12750,12700,12650,12600,12550,55,555,111,400,275,205,720,1125,2182,1027,6655,6158,1,
001140,092145,1525911706.119923,13100,13150,13200,13250,13300,13350,13400,13450,13500,13550,117,305,387,958,1254,412,723,400,1264,338,13000,12950,12900,12850,12800,12750,12700,12650,12600,12550,55,555,111,407,275,205,720,1125,2182,1027,6662,6158,1,
