001000,085331,1522281211.9856353,2985,2990,2995,0,0,0,0,0,0,0,4144,2159,1715,0,0,0,0,0,0,0,2950,2945,2940,0,0,0,0,0,0,0,491,100,100,0,0,0,0,0,0,0,0,0,3,
001000,085333,1522281212.831396,2985,2990,2995,0,0,0,0,0,0,0,4149,2159,1715,0,0,0,0,0,0,0,2950,2945,2940,0,0,0,0,0,0,0,491,100,100,0,0,0,0,0,0,0,0,0,3,
001000,085338,1522281218.1798828,2985,2990,2995,0,0,0,0,0,0,0,4149,2159,1715,0,0,0,0,0,0,0,2950,2945,2940,0,0,0,0,0,0,0,491,100,100,0,0,0,0,0,0,0,0,0,3,
001000,085341,1522281221.4468732,2985,2990,2995,0,0,0,0,0,0,0,4149,2159,1715,0,0,0,0,0,0,0,2950,2945,2940,0,0,0,0,0,0,0,491,100,100,0,0,0,0,0,0,0,0,0,3,
001000,085349,1522281228.934015,2985,2990,2995,0,0,0,0,0,0,0,4286,2159,1715,0,0,0,0,0,0,0,2950,2945,2940,0,0,0,0,0,0,0,491,100,100,0,0,0,0,0,0,0,0,0,3,
001000,085354,1522281233.6863525,2985,2990,2995,0,0,0,0,0,0,0,4286,2159,1715,0,0,0,0,0,0,0,2950,2945,2940,0,0,0,0,0,0,0,491,100,100,0,0,0,0,0,0,0,0,0,3,
001000,085416,1522281256.380565,2980,2985,2990,0,0,0,0,0,0,0,286,5000,1159,0,0,0,0,0,0,0,2950,2945,2940,0,0,0,0,0,0,0,491,100,100,0,0,0,0,0,0,0,0,0,3,
001000,085418,1522281257.8243601,2980,2985,2990,0,0,0,0,0,0,0,286,5000,1159,0,0,0,0,0,0,0,2950,2945,2940,0,0,0,0,0,0,0,491,100,100,0,0,0,0,0,0,0,0,0,3,
001000,085425,1522281264.7984436,2980,2985,2990,0,0,0,0,0,0,0,286,5000,1159,0,0,0,0,0,0,0,2950,2945,2940,0,0,0,0,0,0,0,491,100,300,0,0,0,0,0,0,0,0,0,3,
001000,085433,1522281273.234434,2980,2985,2990,0,0,0,0,0,0,0,286,5000,1159,0,0,0,0,0,0,0,2950,2945,2940,0,0,0,0,0,0,0,491,100,300,0,0,0,0,0,0,0,0,0,3,
001000,085446,1522281286.3026059,2980,2985,2990,0,0,0,0,0,0,0,286,5000,1159,0,0,0,0,0,0,0,2950,2945,2940,0,0,0,0,0,0,0,491,100,300,0,0,0,0,0,0,0,0,0,3,
001000,085448,1522281288.497243,2980,2985,2990,0,0,0,0,0,0,0,286,5000,1159,0,0,0,0,0,0,0,2950,2945,2940,0,0,0,0,0,0,0,564,100,300,0,0,0,0,0,0,0,0,0,3,
001000,085451,1522281290.8105037,2980,2985,2990,0,0,0,0,0,0,0,181,5000,1159,0,0,0,0,0,0,0,2950,2945,2940,0,0,0,0,0,0,0,564,100,300,0,0,0,0,0,0,0,0,0,3,
001000,085451,1522281290.9708078,2980,2985,2990,0,0,0,0,0,0,0,181,5000,1159,0,0,0,0,0,0,0,2950,2945,2940,0,0,0,0,0,0,0,564,100,300,0,0,0,0,0,0,0,0,0,3,
001000,085453,1522281293.105915,2980,2985,2990,0,0,0,0,0,0,0,181,5000,1159,0,0,0,0,0,0,0,2950,2945,2940,0,0,0,0,0,0,0,564,100,300,0,0,0,0,0,0,0,0,0,3,
001000,085455,1522281295.3583853,2980,2985,2990,0,0,0,0,0,0,0,181,5000,1159,0,0,0,0,0,0,0,2950,2945,2940,0,0,0,0,0,0,0,564,100,300,0,0,0,0,0,0,0,0,0,3,
001000,085455,1522281295.4114785,2980,2985,2990,0,0,0,0,0,0,0,181,5000,1159,0,0,0,0,0,0,0,2950,2945,2940,0,0,0,0,0,0,0,564,100,300,0,0,0,0,0,0,0,0,0,3,
001000,085457,1522281296.9634438,2980,2985,2990,0,0,0,0,0,0,0,181,5000,1159,0,0,0,0,0,0,0,2950,2945,2940,0,0,0,0,0,0,0,564,100,300,0,0,0,0,0,0,0,0,0,3,
001000,085457,1522281297.0220394,2980,2985,2990,0,0,0,0,0,0,0,181,5000,1159,0,0,0,0,0,0,0,2950,2945,2940,0,0,0,0,0,0,0,564,100,300,0,0,0,0,0,0,0,0,0,3,
001000,085501,1522281301.2048194,2980,2985,2990,0,0,0,0,0,0,0,181,5000,1159,0,0,0,0,0,0,0,2950,2945,2940,0,0,0,0,0,0,0,564,100,300,0,0,0,0,0,0,0,0,0,3,
001000,085502,1522281301.9069526,2980,2985,2990,0,0,0,0,0,0,0,281,5000,1159,0,0,0,0,0,0,0,2950,2945,2940,0,0,0,0,0,0,0,664,100,300,0,0,0,0,0,0,0,0,0,3,
001000,085503,1522281303.1384895,2980,2985,2990,0,0,0,0,0,0,0,281,5000,1159,0,0,0,0,0,0,0,2950,2945,2940,0,0,0,0,0,0,0,664,100,300,0,0,0,0,0,0,0,0,0,3,
001000,085513,1522281313.2770176,2980,2985,2990,0,0,0,0,0,0,0,281,5000,1159,0,0,0,0,0,0,0,2950,2945,2940,0,0,0,0,0,0,0,664,100,300,0,0,0,0,0,0,0,0,0,3,
001000,085516,1522281316.3922544,2980,2985,2990,0,0,0,0,0,0,0,351,5000,1159,0,0,0,0,0,0,0,2950,2945,2940,0,0,0,0,0,0,0,664,100,300,0,0,0,0,0,0,0,0,0,3,
001000,085517,1522281316.867722,2980,2985,2990,0,0,0,0,0,0,0,351,5000,1159,0,0,0,0,0,0,0,2950,2945,2940,0,0,0,0,0,0,0,664,100,300,0,0,0,0,0,0,0,0,0,3,
001000,085518,1522281318.6310782,2980,2985,2990,0,0,0,0,0,0,0,351,5000,1159,0,0,0,0,0,0,0,2950,2945,2940,0,0,0,0,0,0,0,591,100,300,0,0,0,0,0,0,0,0,0,3,
001000,085522,1522281321.740138,2980,2985,2990,0,0,0,0,0,0,0,351,5000,1159,0,0,0,0,0,0,0,2950,2945,2940,0,0,0,0,0,0,0,591,100,300,0,0,0,0,0,0,0,0,0,3,
001000,085523,1522281323.4591255,2980,2985,2990,0,0,0,0,0,0,0,351,5000,1159,0,0,0,0,0,0,0,2950,2945,2940,0,0,0,0,0,0,0,591,100,300,0,0,0,0,0,0,0,0,0,3,
001000,085527,1522281326.731273,2980,2985,2990,0,0,0,0,0,0,0,351,5000,1159,0,0,0,0,0,0,0,2950,2945,2940,0,0,0,0,0,0,0,591,100,300,0,0,0,0,0,0,0,0,0,3,
001000,085544,1522281343.7336442,2980,2985,2990,0,0,0,0,0,0,0,351,5000,1159,0,0,0,0,0,0,0,2950,2945,2940,0,0,0,0,0,0,0,591,100,300,0,0,0,0,0,0,0,0,0,3,
001000,085553,1522281353.1724885,2980,2985,2990,0,0,0,0,0,0,0,378,5000,1159,0,0,0,0,0,0,0,2950,2945,2940,0,0,0,0,0,0,0,591,100,300,0,0,0,0,0,0,0,0,0,3,
001000,085558,1522281358.5934262,2980,2985,2990,0,0,0,0,0,0,0,1000,5000,1159,0,0,0,0,0,0,0,2950,2945,2940,0,0,0,0,0,0,0,591,100,300,0,0,0,0,0,0,0,0,0,3,
001000,085600,1522281360.1532445,2980,2985,2990,0,0,0,0,0,0,0,1000,5000,1169,0,0,0,0,0,0,0,2950,2945,2940,0,0,0,0,0,0,0,591,100,300,0,0,0,0,0,0,0,0,0,3,
001000,085606,1522281366.1163864,2980,2985,2990,0,0,0,0,0,0,0,1000,5000,1169,0,0,0,0,0,0,0,2950,2945,2940,0,0,0,0,0,0,0,591,100,300,0,0,0,0,0,0,0,0,0,3,
001000,085608,1522281367.9886305,2975,2980,2985,0,0,0,0,0,0,0,10,1490,5000,0,0,0,0,0,0,0,2950,2945,2940,0,0,0,0,0,0,0,591,100,300,0,0,0,0,0,0,0,0,0,3,
001000,085615,1522281375.1754332,2980,2985,2990,0,0,0,0,0,0,0,1490,5000,1169,0,0,0,0,0,0,0,2950,2945,2940,0,0,0,0,0,0,0,591,100,300,0,0,0,0,0,0,0,0,0,3,
001000,085628,1522281387.6771154,2980,2985,2990,0,0,0,0,0,0,0,1490,5500,669,0,0,0,0,0,0,0,2950,2945,2940,0,0,0,0,0,0,0,591,100,300,0,0,0,0,0,0,0,0,0,3,
001000,085634,1522281393.9603474,2975,2980,2985,0,0,0,0,0,0,0,5000,1490,500,0,0,0,0,0,0,0,2950,2945,2940,0,0,0,0,0,0,0,591,100,300,0,0,0,0,0,0,0,0,0,3,
001000,085640,1522281399.7038462,2975,2980,2985,0,0,0,0,0,0,0,5000,1490,500,0,0,0,0,0,0,0,2950,2945,2940,0,0,0,0,0,0,0,591,100,300,0,0,0,0,0,0,0,0,0,3,
001000,085641,1522281400.8840983,2965,2970,2975,0,0,0,0,0,0,0,153,5,5501,0,0,0,0,0,0,0,2950,2945,2940,0,0,0,0,0,0,0,591,100,300,0,0,0,0,0,0,0,0,0,3,
001000,085644,1522281403.783107,2965,2970,2975,0,0,0,0,0,0,0,153,5,5501,0,0,0,0,0,0,0,2950,2945,2940,0,0,0,0,0,0,0,591,100,300,0,0,0,0,0,0,0,0,0,3,
001000,085647,1522281406.8514943,2965,2970,2975,0,0,0,0,0,0,0,153,5,5501,0,0,0,0,0,0,0,2950,2945,2940,0,0,0,0,0,0,0,591,100,300,0,0,0,0,0,0,0,0,0,3,
001000,085654,1522281414.4130409,2965,2970,2975,0,0,0,0,0,0,0,153,5,5501,0,0,0,0,0,0,0,2950,2945,2940,0,0,0,0,0,0,0,491,200,300,0,0,0,0,0,0,0,0,0,3,
001000,085657,1522281416.7745967,2965,2970,2975,0,0,0,0,0,0,0,153,5,5501,0,0,0,0,0,0,0,2950,2945,2940,0,0,0,0,0,0,0,491,200,300,0,0,0,0,0,0,0,0,0,3,
001000,085702,1522281422.3089528,2950,2960,2965,0,0,0,0,0,0,0,109,5,659,0,0,0,0,0,0,0,2945,2940,2935,0,0,0,0,0,0,0,200,300,100,0,0,0,0,0,0,0,0,0,3,
001000,085702,1522281422.3590283,2950,2960,2965,0,0,0,0,0,0,0,5109,5,659,0,0,0,0,0,0,0,2945,2940,2935,0,0,0,0,0,0,0,200,300,100,0,0,0,0,0,0,0,0,0,3,
001000,085708,1522281428.479231,2950,2960,2965,0,0,0,0,0,0,0,5109,5,659,0,0,0,0,0,0,0,2945,2940,2935,0,0,0,0,0,0,0,200,300,100,0,0,0,0,0,0,0,0,0,3,
001000,085718,1522281438.5183697,2950,2960,2965,0,0,0,0,0,0,0,5118,5,659,0,0,0,0,0,0,0,2945,2940,2935,0,0,0,0,0,0,0,200,300,100,0,0,0,0,0,0,0,0,0,3,
001000,085719,1522281439.641061,2950,2960,2965,0,0,0,0,0,0,0,5471,5,659,0,0,0,0,0,0,0,2945,2940,2935,0,0,0,0,0,0,0,200,300,100,0,0,0,0,0,0,0,0,0,3,
001000,085725,1522281444.8548963,2950,2960,2965,0,0,0,0,0,0,0,5471,5,659,0,0,0,0,0,0,0,2945,2940,2935,0,0,0,0,0,0,0,200,300,100,0,0,0,0,0,0,0,0,0,3,
001000,085734,1522281453.9306383,2950,2960,2965,0,0,0,0,0,0,0,5471,3445,659,0,0,0,0,0,0,0,2945,2940,2935,0,0,0,0,0,0,0,200,300,100,0,0,0,0,0,0,0,0,0,3,
001000,085738,1522281458.12141,2950,2960,2965,0,0,0,0,0,0,0,5471,3445,659,0,0,0,0,0,0,0,2945,2940,2935,0,0,0,0,0,0,0,200,300,100,0,0,0,0,0,0,0,0,0,3,
001000,085749,1522281468.8205245,2950,2960,2965,0,0,0,0,0,0,0,5771,3445,659,0,0,0,0,0,0,0,2945,2940,2935,0,0,0,0,0,0,0,200,300,100,0,0,0,0,0,0,0,0,0,3,
001000,085751,1522281470.966776,2950,2960,2965,0,0,0,0,0,0,0,5771,3445,659,0,0,0,0,0,0,0,2945,2940,2935,0,0,0,0,0,0,0,200,300,100,0,0,0,0,0,0,0,0,0,3,
001000,085754,1522281474.576213,2950,2955,2960,0,0,0,0,0,0,0,5771,1,3445,0,0,0,0,0,0,0,2945,2940,2935,0,0,0,0,0,0,0,200,300,100,0,0,0,0,0,0,0,0,0,3,
001000,085802,1522281482.4210114,2950,2955,2960,0,0,0,0,0,0,0,5771,1,3445,0,0,0,0,0,0,0,2945,2940,2935,0,0,0,0,0,0,0,200,300,100,0,0,0,0,0,0,0,0,0,3,
001000,085803,1522281482.7485235,2950,2955,2960,0,0,0,0,0,0,0,5771,1,3445,0,0,0,0,0,0,0,2945,2940,2935,0,0,0,0,0,0,0,200,300,100,0,0,0,0,0,0,0,0,0,3,
001000,085810,1522281490.512218,2950,2955,2960,0,0,0,0,0,0,0,5765,1,3445,0,0,0,0,0,0,0,2945,2940,2935,0,0,0,0,0,0,0,200,300,100,0,0,0,0,0,0,0,0,0,3,
001000,085816,1522281495.7400935,2950,2955,2960,0,0,0,0,0,0,0,5765,1,3445,0,0,0,0,0,0,0,2945,2940,2935,0,0,0,0,0,0,0,200,300,100,0,0,0,0,0,0,0,0,0,3,
001000,085817,1522281497.1862538,2950,2955,2960,0,0,0,0,0,0,0,5765,1,3445,0,0,0,0,0,0,0,2945,2940,2935,0,0,0,0,0,0,0,200,100,100,0,0,0,0,0,0,0,0,0,3,
001000,085833,1522281513.153324,2950,2955,2960,0,0,0,0,0,0,0,6111,1,3445,0,0,0,0,0,0,0,2945,2940,2935,0,0,0,0,0,0,0,46,100,100,0,0,0,0,0,0,0,0,0,3,
001000,085838,1522281518.441276,2950,2955,2960,0,0,0,0,0,0,0,6111,1,3445,0,0,0,0,0,0,0,2945,2940,2935,0,0,0,0,0,0,0,46,100,150,0,0,0,0,0,0,0,0,0,3,
001000,085846,1522281525.8384132,2950,2955,2960,0,0,0,0,0,0,0,6111,1,3445,0,0,0,0,0,0,0,2945,2940,2935,0,0,0,0,0,0,0,46,100,150,0,0,0,0,0,0,0,0,0,3,
001000,085852,1522281531.8254504,2940,2945,2950,0,0,0,0,0,0,0,1,353,6111,0,0,0,0,0,0,0,2935,2930,2925,0,0,0,0,0,0,0,150,150,658,0,0,0,0,0,0,0,0,0,3,
001000,085856,1522281536.0293188,2940,2945,2950,0,0,0,0,0,0,0,160,353,6111,0,0,0,0,0,0,0,2935,2930,2925,0,0,0,0,0,0,0,150,150,658,0,0,0,0,0,0,0,0,0,3,
001000,085856,1522281536.0834103,2940,2945,2950,0,0,0,0,0,0,0,500,353,6111,0,0,0,0,0,0,0,2930,2925,2920,0,0,0,0,0,0,0,110,658,605,0,0,0,0,0,0,0,0,0,3,
001000,085859,1522281539.377363,2940,2945,2950,0,0,0,0,0,0,0,500,353,6111,0,0,0,0,0,0,0,2930,2925,2920,0,0,0,0,0,0,0,110,658,605,0,0,0,0,0,0,0,0,0,3,
001000,085859,1522281539.4334567,2940,2945,2950,0,0,0,0,0,0,0,500,353,6111,0,0,0,0,0,0,0,2930,2925,2920,0,0,0,0,0,0,0,110,658,605,0,0,0,0,0,0,0,0,0,3,
001000,085900,1522281540.0904548,2940,2945,2950,0,0,0,0,0,0,0,500,353,6111,0,0,0,0,0,0,0,2925,2920,2915,0,0,0,0,0,0,0,768,605,300,0,0,0,0,0,0,0,0,0,3,
001000,085903,1522281543.3984385,2945,2950,2955,0,0,0,0,0,0,0,353,6111,1,0,0,0,0,0,0,0,2925,2920,2915,0,0,0,0,0,0,0,768,605,300,0,0,0,0,0,0,0,0,0,3,
001000,085906,1522281546.6573286,2940,2945,2950,0,0,0,0,0,0,0,10,353,6111,0,0,0,0,0,0,0,2925,2920,2915,0,0,0,0,0,0,0,768,605,300,0,0,0,0,0,0,0,0,0,3,
001000,085909,1522281548.7595139,2945,2950,2955,0,0,0,0,0,0,0,231,6111,1,0,0,0,0,0,0,0,2940,2935,2930,0,0,0,0,0,0,0,100,150,150,0,0,0,0,0,0,0,0,0,3,
001000,085910,1522281550.6042747,2945,2950,2955,0,0,0,0,0,0,0,231,6111,1,0,0,0,0,0,0,0,2940,2935,2930,0,0,0,0,0,0,0,100,150,150,0,0,0,0,0,0,0,0,0,3,
001000,085913,1522281552.8827252,2945,2950,2955,0,0,0,0,0,0,0,241,6111,1,0,0,0,0,0,0,0,2940,2935,2930,0,0,0,0,0,0,0,100,150,150,0,0,0,0,0,0,0,0,0,3,
001000,085916,1522281555.972379,2945,2950,2955,0,0,0,0,0,0,0,237,6111,1,0,0,0,0,0,0,0,2940,2935,2930,0,0,0,0,0,0,0,100,150,150,0,0,0,0,0,0,0,0,0,3,
001000,085916,1522281556.5642617,2945,2950,2955,0,0,0,0,0,0,0,337,6111,1,0,0,0,0,0,0,0,2940,2935,2930,0,0,0,0,0,0,0,100,150,150,0,0,0,0,0,0,0,0,0,3,
001000,085926,1522281565.8091822,2945,2950,2955,0,0,0,0,0,0,0,4337,6111,1,0,0,0,0,0,0,0,2940,2935,2930,0,0,0,0,0,0,0,100,150,150,0,0,0,0,0,0,0,0,0,3,
001000,085930,1522281570.4611864,2945,2950,2955,0,0,0,0,0,0,0,4337,6111,1,0,0,0,0,0,0,0,2940,2935,2930,0,0,0,0,0,0,0,100,150,150,0,0,0,0,0,0,0,0,0,3,
001000,085940,1522281579.7715268,2945,2950,2955,0,0,0,0,0,0,0,4267,6111,1,0,0,0,0,0,0,0,2940,2935,2930,0,0,0,0,0,0,0,100,150,150,0,0,0,0,0,0,0,0,0,3,
001000,085940,1522281579.923763,2945,2950,2955,0,0,0,0,0,0,0,4296,6111,1,0,0,0,0,0,0,0,2940,2935,2930,0,0,0,0,0,0,0,100,150,150,0,0,0,0,0,0,0,0,0,3,
001000,085940,1522281580.20119,2945,2950,2955,0,0,0,0,0,0,0,4282,6111,1,0,0,0,0,0,0,0,2940,2935,2930,0,0,0,0,0,0,0,100,150,150,0,0,0,0,0,0,0,0,0,3,
001000,085941,1522281580.7490153,2945,2950,2955,0,0,0,0,0,0,0,4284,6111,1,0,0,0,0,0,0,0,2940,2935,2930,0,0,0,0,0,0,0,100,150,150,0,0,0,0,0,0,0,0,0,3,
001000,085948,1522281587.8074143,2945,2950,2955,0,0,0,0,0,0,0,4284,6111,1,0,0,0,0,0,0,0,2940,2935,2930,0,0,0,0,0,0,0,100,150,150,0,0,0,0,0,0,0,0,0,3,
001000,085949,1522281589.594106,2945,2950,2955,0,0,0,0,0,0,0,4284,1111,1,0,0,0,0,0,0,0,2940,2935,2930,0,0,0,0,0,0,0,100,150,150,0,0,0,0,0,0,0,0,0,3,
001000,085950,1522281590.14794,2940,2945,2950,0,0,0,0,0,0,0,174,4010,1111,0,0,0,0,0,0,0,2935,2930,2925,0,0,0,0,0,0,0,150,150,858,0,0,0,0,0,0,0,0,0,3,
001000,085950,1522281590.2531009,2940,2945,2950,0,0,0,0,0,0,0,182,4010,1111,0,0,0,0,0,0,0,2935,2930,2925,0,0,0,0,0,0,0,150,150,858,0,0,0,0,0,0,0,0,0,3,
001000,085952,1522281592.1519413,2940,2945,2950,0,0,0,0,0,0,0,181,4010,1111,0,0,0,0,0,0,0,2935,2930,2925,0,0,0,0,0,0,0,150,150,858,0,0,0,0,0,0,0,0,0,3,
001000,085953,1522281593.229582,2940,2945,2950,0,0,0,0,0,0,0,181,4010,1111,0,0,0,0,0,0,0,2935,2930,2925,0,0,0,0,0,0,0,150,150,858,0,0,0,0,0,0,0,0,0,3,
001000,085955,1522281595.1354527,2940,2945,2950,0,0,0,0,0,0,0,181,4010,1111,0,0,0,0,0,0,0,2935,2930,2925,0,0,0,0,0,0,0,150,150,858,0,0,0,0,0,0,0,0,0,3,
001000,085958,1522281597.803454,2940,2945,2950,0,0,0,0,0,0,0,363,4010,1111,0,0,0,0,0,0,0,2935,2930,2925,0,0,0,0,0,0,0,132,150,858,0,0,0,0,0,0,0,0,0,3,
001000,090000,1522281600.1063778,2940,2945,2950,0,0,0,0,0,0,0,363,4010,1111,0,0,0,0,0,0,0,2935,2930,2925,0,0,0,0,0,0,0,134,150,858,0,0,0,0,0,0,0,0,0,3,
001000,090001,1522281600.9831872,2940,2945,2950,0,0,0,0,0,0,0,363,4010,1111,0,0,0,0,0,0,0,2935,2930,2925,0,0,0,0,0,0,0,133,150,858,0,0,0,0,0,0,0,0,0,3,
001000,090006,1522281606.0566735,2940,2945,2950,0,0,0,0,0,0,0,363,4010,1111,0,0,0,0,0,0,0,2935,2930,2925,0,0,0,0,0,0,0,134,150,858,0,0,0,0,0,0,0,0,0,3,
001000,090007,1522281606.8331146,2935,2940,2945,0,0,0,0,0,0,0,219,10,4010,0,0,0,0,0,0,0,2930,2925,2920,0,0,0,0,0,0,0,150,858,605,0,0,0,0,0,0,0,0,0,3,
001000,090007,1522281606.9503615,2935,2940,2945,0,0,0,0,0,0,0,228,10,4010,0,0,0,0,0,0,0,2930,2925,2920,0,0,0,0,0,0,0,150,858,605,0,0,0,0,0,0,0,0,0,3,
001000,090009,1522281609.38473,2935,2940,2945,2950,2955,2960,2965,2970,2975,2980,247,10,4010,1111,1,3445,659,5,301,1137,2930,2925,2920,2915,2910,2905,2900,2895,2890,2880,169,883,605,300,11326,1476,454,800,702,115,16830,10926,1,
001000,090034,1522281634.1407552,2935,2940,2945,2950,2955,2960,2965,2970,2975,2980,247,10,4010,1111,1,3445,659,5,301,1137,2930,2925,2920,2915,2910,2905,2900,2895,2890,2880,169,883,605,300,11326,1476,454,800,702,115,16830,10926,1,
001000,090037,1522281636.728383,2935,2940,2945,2950,2955,2960,2965,2970,2975,2980,247,10,4010,1111,1,3445,659,5,301,1137,2930,2925,2920,2915,2910,2905,2900,2895,2890,2880,176,876,605,300,11326,1476,454,800,702,115,16830,10926,1,
001000,090042,1522281642.0740654,2935,2940,2945,2950,2955,2960,2965,2970,2975,2980,247,10,4010,1111,1,3445,659,5,301,1137,2930,2925,2920,2915,2910,2905,2900,2895,2890,2880,176,876,605,300,11326,1476,464,800,702,115,16840,10926,1,
001000,090043,1522281643.0448735,2935,2940,2945,2950,2955,2960,2965,2970,2975,2980,247,10,4010,1111,1,3445,659,5,301,1137,2930,2925,2920,2915,2910,2905,2900,2895,2890,2880,176,876,605,300,11326,1476,464,800,702,115,16840,10926,1,
001000,090045,1522281645.0046275,2935,2940,2945,2950,2955,2960,2965,2970,2975,2980,247,10,4010,1111,1,3445,659,5,301,1137,2930,2925,2920,2915,2910,2905,2900,2895,2890,2880,176,876,605,300,11326,1476,464,800,702,115,16840,10926,1,
001000,090050,1522281650.0077705,2935,2940,2945,2950,2955,2960,2965,2970,2975,2980,247,10,4010,1111,1,3445,659,5,301,1137,2930,2925,2920,2915,2910,2905,2900,2895,2890,2880,176,906,605,300,11326,1476,464,800,702,115,16870,10926,1,
001000,090052,1522281652.5928302,2940,2945,2950,2955,2960,2965,2970,2975,2980,2985,10,4010,1111,1,3445,659,5,301,1137,500,2935,2930,2925,2920,2915,2910,2905,2900,2895,2890,529,176,906,605,300,11326,1476,464,800,702,17284,11179,1,
001000,090055,1522281655.2851179,2940,2945,2950,2955,2960,2965,2970,2975,2980,2985,10,4026,1111,1,3445,659,5,301,1137,500,2935,2930,2925,2920,2915,2910,2905,2900,2895,2890,529,176,906,605,300,11326,1476,464,800,702,17284,11195,1,
001000,090100,1522281659.7233756,2940,2945,2950,2955,2960,2965,2970,2975,2980,2985,10,4026,1111,1,3445,659,5,301,1137,500,2935,2930,2925,2920,2915,2910,2905,2900,2895,2890,529,176,906,605,300,11326,1476,464,800,702,17284,11195,1,
001000,090101,1522281661.25006,2940,2945,2950,2955,2960,2965,2970,2975,2980,2985,10,4026,1111,1,3445,659,5,301,1137,500,2935,2930,2925,2920,2915,2910,2905,2900,2895,2890,529,176,906,605,300,11326,1476,464,800,702,17284,11195,1,
001000,090102,1522281662.6627462,2940,2945,2950,2955,2960,2965,2970,2975,2980,2985,15,4026,1111,1,3445,659,5,301,1137,500,2935,2930,2925,2920,2915,2910,2905,2900,2895,2890,529,176,906,605,300,11326,1476,464,800,702,17284,11200,1,
001000,090104,1522281664.2938569,2940,2945,2950,2955,2960,2965,2970,2975,2980,2985,15,4026,1111,1,3445,659,5,301,1137,500,2935,2930,2925,2920,2915,2910,2905,2900,2895,2890,94,176,906,605,300,11326,1476,464,800,702,16849,11200,1,
001000,090104,1522281664.6358602,2940,2945,2950,2955,2960,2965,2970,2975,2980,2985,15,4026,1111,1,3445,659,5,301,1137,500,2935,2930,2925,2920,2915,2910,2905,2900,2895,2890,94,176,906,605,900,11326,876,464,800,702,16849,11200,1,
001000,090105,1522281665.3592699,2940,2945,2950,2955,2960,2965,2970,2975,2980,2985,29,4026,1111,1,3445,659,5,301,1137,500,2935,2930,2925,2920,2915,2910,2905,2900,2895,2890,87,176,906,605,900,11326,876,464,800,702,16842,11214,1,
001000,090106,1522281666.2540262,2940,2945,2950,2955,2960,2965,2970,2975,2980,2985,29,4026,1111,1,3445,659,5,301,1137,500,2935,2930,2925,2920,2915,2910,2905,2900,2895,2890,86,176,906,605,900,11326,876,464,800,702,16841,11214,1,
001000,090110,1522281669.9604173,2940,2945,2950,2955,2960,2965,2970,2975,2980,2985,29,4026,1111,1,3445,659,5,301,1137,500,2935,2930,2925,2920,2915,2910,2905,2900,2895,2890,80,176,906,605,900,11326,876,464,800,702,16835,11214,1,
001000,090116,1522281676.0764718,2940,2945,2950,2955,2960,2965,2970,2975,2980,2985,38,4026,1111,1,3445,659,5,301,1137,500,2935,2930,2925,2920,2915,2910,2905,2900,2895,2890,80,176,906,605,900,11326,876,464,800,702,16835,11223,1,
001000,090117,1522281676.926136,2940,2945,2950,2955,2960,2965,2970,2975,2980,2985,38,4026,1111,1,3445,659,5,301,1137,500,2935,2930,2925,2920,2915,2910,2905,2900,2895,2890,106,174,888,605,900,11326,876,464,800,702,16841,11223,1,
001000,090120,1522281680.6367462,2940,2945,2950,2955,2960,2965,2970,2975,2980,2985,38,4026,1111,1,3445,659,5,301,1137,500,2935,2930,2925,2920,2915,2910,2905,2900,2895,2890,106,174,888,605,900,11326,876,464,800,702,16841,11223,1,
001000,090122,1522281682.3740263,2940,2945,2950,2955,2960,2965,2970,2975,2980,2985,2038,4026,1111,1,3445,659,5,301,1137,500,2935,2930,2925,2920,2915,2910,2905,2900,2895,2890,106,174,888,605,900,11326,876,464,800,702,16841,13223,1,
001000,090124,1522281684.0675008,2940,2945,2950,2955,2960,2965,2970,2975,2980,2985,2066,4010,1111,1,3445,659,5,301,1137,500,2935,2930,2925,2920,2915,2910,2905,2900,2895,2890,102,174,888,605,900,11326,876,464,800,702,16837,13235,1,
001000,090124,1522281684.3641152,2935,2940,2945,2950,2955,2960,2965,2970,2975,2980,4,2066,4010,1111,1,3445,659,5,301,1137,2930,2925,2920,2915,2910,2905,2900,2895,2890,2880,174,888,605,900,11326,876,464,800,702,115,16850,12739,1,
001000,090126,1522281685.8765197,2935,2940,2945,2950,2955,2960,2965,2970,2975,2980,20,2052,4010,1111,1,3445,659,5,301,1137,2930,2925,2920,2915,2910,2905,2900,2895,2890,2880,174,888,605,900,11326,876,464,800,702,115,16850,12741,1,
001000,090126,1522281686.2101922,2935,2940,2945,2950,2955,2960,2965,2970,2975,2980,20,2052,4010,1111,1,3445,659,5,301,1137,2930,2925,2920,2915,2910,2905,2900,2895,2890,2880,171,888,605,900,11326,876,464,800,702,115,16847,12741,1,
001000,090129,1522281689.0249972,2935,2940,2945,2950,2955,2960,2965,2970,2975,2980,25,2040,4010,1111,1,3445,659,5,301,1137,2930,2925,2920,2915,2910,2905,2900,2895,2890,2880,165,688,605,900,11326,876,464,800,702,115,16641,12734,1,
001000,090135,1522281695.2125072,2935,2940,2945,2950,2955,2960,2965,2970,2975,2980,21,2040,4010,1111,1,3445,659,5,301,1137,2930,2925,2920,2915,2910,2905,2900,2895,2890,2880,165,688,605,900,11326,876,464,800,702,115,16641,12730,1,
001000,090141,1522281700.7867036,2935,2940,2945,2950,2955,2960,2965,2970,2975,2980,21,2040,4010,1111,1,3445,659,5,301,1137,2930,2925,2920,2915,2910,2905,2900,2895,2890,2880,165,688,405,700,11126,576,164,800,702,115,15441,12730,1,
001000,090144,1522281704.1430106,2935,2940,2945,2950,2955,2960,2965,2970,2975,2980,21,2040,4010,1111,1,3445,659,5,301,1137,2930,2925,2920,2915,2910,2905,2900,2895,2890,2880,165,728,405,700,11126,576,164,800,702,115,15481,12730,1,
001000,090145,1522281704.9346547,2935,2940,2945,2950,2955,2960,2965,2970,2975,2980,16,2040,4010,1111,1,3445,659,5,301,1137,2930,2925,2920,2915,2910,2905,2900,2895,2890,2880,159,728,405,700,11126,576,164,800,702,115,15475,12725,1,
001000,090147,1522281707.1677861,2935,2940,2945,2950,2955,2960,2965,2970,2975,2980,16,2040,4010,1111,1,3445,659,5,301,1137,2925,2920,2915,2910,2905,2900,2895,2890,2880,2875,265,405,700,11126,576,164,800,702,115,10,14863,12725,1,
001000,090149,1522281709.0745862,2935,2940,2945,2950,2955,2960,2965,2970,2975,2980,39,2068,4010,1111,1,3445,659,5,301,1137,2925,2920,2915,2910,2905,2900,2895,2890,2880,2875,259,405,700,11126,576,164,800,702,115,10,14857,12776,1,
001000,090153,1522281713.185766,2935,2940,2945,2950,2955,2960,2965,2970,2975,2980,39,2054,4010,1111,1,3445,659,5,301,1137,2925,2920,2915,2910,2905,2900,2895,2890,2880,2875,245,405,700,11126,576,164,800,702,115,10,14843,12762,1,
001000,090155,1522281715.1491325,2935,2940,2945,2950,2955,2960,2965,2970,2975,2980,39,2054,4010,1111,1,3445,659,5,301,1137,2925,2920,2915,2910,2905,2900,2895,2890,2880,2875,245,405,700,11226,576,164,800,702,115,10,14943,12762,1,
001000,090157,1522281717.113502,2935,2940,2945,2950,2955,2960,2965,2970,2975,2980,39,2054,4010,1111,1,3445,659,5,301,1137,2925,2920,2915,2910,2905,2900,2895,2890,2880,2875,245,405,700,11226,576,164,800,702,115,10,14943,12762,1,
001000,090158,1522281718.0736263,2935,2940,2945,2950,2955,2960,2965,2970,2975,2980,39,2054,4010,1111,1,3445,659,5,301,1137,2925,2920,2915,2910,2905,2900,2895,2890,2880,2875,240,405,700,11226,576,164,800,702,115,10,14938,12762,1,
001000,090159,1522281718.859775,2935,2940,2945,2950,2955,2960,2965,2970,2975,2980,39,2054,4010,1111,1001,3445,659,5,301,1137,2925,2920,2915,2910,2905,2900,2895,2890,2880,2875,240,405,700,11226,576,164,800,702,115,10,14938,13762,1,
001000,090203,1522281722.9570131,2935,2940,2945,2950,2955,2960,2965,2970,2975,2980,39,2054,4010,1111,1001,3445,659,5,301,1137,2925,2920,2915,2910,2905,2900,2895,2890,2880,2875,70,105,700,11226,576,164,800,702,115,10,14468,13762,1,
001000,090204,1522281723.7396765,2935,2940,2945,2950,2955,2960,2965,2970,2975,2980,39,2054,4010,1111,1001,3445,659,5,301,1137,2925,2920,2915,2910,2905,2900,2895,2890,2880,2875,30,105,740,11226,576,164,800,702,115,10,14468,13762,1,
001000,090205,1522281725.146371,2935,2940,2945,2950,2955,2960,2965,2970,2975,2980,39,2054,4010,1111,1001,3445,1659,5,301,1137,2925,2920,2915,2910,2905,2900,2895,2890,2880,2875,30,105,740,11226,576,164,800,702,115,10,14468,14762,1,
001000,090210,1522281730.564115,2935,2940,2945,2950,2955,2960,2965,2970,2975,2980,39,2054,4010,1111,1001,4445,1659,5,301,1137,2925,2920,2915,2910,2905,2900,2895,2890,2880,2875,30,105,740,11226,576,164,800,702,115,10,14468,15762,1,
001000,090211,1522281730.9568665,2935,2940,2945,2950,2955,2960,2965,2970,2975,2980,39,2054,4010,1111,1001,4445,1659,5,301,1137,2925,2920,2915,2910,2905,2900,2895,2890,2880,2875,30,105,790,11226,576,164,800,702,115,10,14518,15762,1,
001000,090212,1522281731.7423947,2935,2940,2945,2950,2955,2960,2965,2970,2975,2980,39,2054,4010,1111,1001,4445,1659,5,301,1137,2925,2920,2915,2910,2905,2900,2895,2890,2880,2875,30,105,790,11226,576,164,800,702,115,10,14518,15762,1,
001000,090213,1522281733.1006527,2935,2940,2945,2950,2955,2960,2965,2970,2975,2980,45,2054,4010,1111,1001,4445,1659,5,301,1137,2925,2920,2915,2910,2905,2900,2895,2890,2880,2875,23,105,790,11226,576,164,800,702,115,10,14511,15768,1,
001000,090216,1522281736.2551374,2935,2940,2945,2950,2955,2960,2965,2970,2975,2980,45,2054,4010,1111,1001,4445,1659,5,301,1137,2925,2920,2915,2910,2905,2900,2895,2890,2880,2875,23,105,6345,11326,576,164,800,702,115,10,20166,15768,1,
001000,090218,1522281737.8691869,2935,2940,2945,2950,2955,2960,2965,2970,2975,2980,45,2054,4010,1111,1001,4445,1659,5,301,1137,2925,2920,2915,2910,2905,2900,2895,2890,2880,2875,22,105,6345,11326,576,164,800,702,115,10,20165,15768,1,
001000,090219,1522281739.3978977,2935,2940,2945,2950,2955,2960,2965,2970,2975,2980,45,2054,4010,1111,1001,4445,1659,1005,301,1137,2925,2920,2915,2910,2905,2900,2895,2890,2880,2875,22,105,6345,11326,576,164,800,702,115,10,20165,16768,1,
001000,090222,1522281741.6921768,2935,2940,2945,2950,2955,2960,2965,2970,2975,2980,45,2054,4010,1111,1001,4445,1659,1005,301,1137,2925,2920,2915,2910,2905,2900,2895,2890,2880,2875,22,205,6345,11326,577,164,800,702,115,10,20266,16768,1,
001000,090223,1522281742.9287236,2935,2940,2945,2950,2955,2960,2965,2970,2975,2980,45,2054,4010,1111,1001,4445,1659,1005,301,1137,2925,2920,2915,2910,2905,2900,2895,2890,2880,2875,22,205,6345,11326,577,165,800,702,115,10,20267,16768,1,
001000,090223,1522281743.6004639,2935,2940,2945,2950,2955,2960,2965,2970,2975,2980,45,2054,4010,1111,1001,4445,1659,1005,301,1137,2925,2920,2915,2910,2905,2900,2895,2890,2880,2875,22,205,6345,11326,577,165,801,702,115,10,20268,16768,1,
001000,090224,1522281744.2736459,2935,2940,2945,2950,2955,2960,2965,2970,2975,2980,45,2054,4010,1111,1001,4445,1659,1005,301,1137,2925,2920,2915,2910,2905,2900,2895,2890,2880,2875,22,205,6345,11326,577,165,801,703,115,10,20269,16768,1,
001000,090225,1522281744.949941,2935,2940,2945,2950,2955,2960,2965,2970,2975,2980,45,2054,4010,1111,1001,4445,1659,1005,1301,1137,2925,2920,2915,2910,2905,2900,2895,2890,2880,2875,22,205,6345,11326,577,165,801,703,115,10,20269,17768,1,
001000,090225,1522281745.2956183,2935,2940,2945,2950,2955,2960,2965,2970,2975,2980,45,2054,4010,1111,1001,4445,1659,1005,1301,1137,2925,2920,2915,2910,2905,2900,2895,2890,2880,2875,22,205,6345,11326,577,165,801,703,116,10,20270,17768,1,
001000,090226,1522281745.9716015,2935,2940,2945,2950,2955,2960,2965,2970,2975,2980,45,2054,4010,1111,1001,4445,1659,1005,1301,1137,2925,2920,2915,2910,2905,2900,2895,2890,2880,2875,22,205,6345,11326,577,165,801,703,116,11,20271,17768,1,
001000,090227,1522281747.430679,2935,2940,2945,2950,2955,2960,2965,2970,2975,2980,45,2054,4010,1111,1001,4445,1659,1005,1301,1137,2925,2920,2915,2910,2905,2900,2895,2890,2880,2875,22,305,6345,11326,577,165,801,703,116,11,20371,17768,1,
001000,090230,1522281750.403373,2935,2940,2945,2950,2955,2960,2965,2970,2975,2980,45,2054,4010,1111,1001,4445,1659,1005,1301,1137,2925,2920,2915,2910,2905,2900,2895,2890,2880,2875,472,305,6345,11326,577,165,801,703,116,11,20821,17768,1,
001000,090231,1522281750.812129,2935,2940,2945,2950,2955,2960,2965,2970,2975,2980,45,2054,4010,1111,1001,4445,1659,1005,1301,1137,2925,2920,2915,2910,2905,2900,2895,2890,2880,2875,472,305,6345,11326,577,165,801,703,116,11,20821,17768,1,
001000,090231,1522281751.1387517,2935,2940,2945,2950,2955,2960,2965,2970,2975,2980,45,2054,4010,1111,1001,4445,1000,1005,1301,1137,2925,2920,2915,2910,2905,2900,2895,2890,2880,2875,472,305,6345,11326,577,165,801,703,116,11,20821,17109,1,
001000,090233,1522281752.8302848,2935,2940,2945,2950,2955,2960,2965,2970,2975,2980,45,2054,4010,1111,1001,4445,1000,1005,1301,1137,2925,2920,2915,2910,2905,2900,2895,2890,2880,2875,572,305,6345,11326,577,165,801,703,116,11,20921,17109,1,
001000,090233,1522281753.2330325,2935,2940,2945,2950,2955,2960,2965,2970,2975,2980,45,2054,4010,1111,1001,4445,1000,1005,1301,1137,2925,2920,2915,2910,2905,2900,2895,2890,2880,2875,572,305,6345,11326,577,165,801,703,116,11,20921,17109,1,
001000,090234,1522281754.3524373,2935,2940,2945,2950,2955,2960,2965,2970,2975,2980,45,2054,4010,1111,1001,4445,1000,1005,1301,2137,2925,2920,2915,2910,2905,2900,2895,2890,2880,2875,572,305,6345,11326,577,165,801,703,116,11,20921,18109,1,
001000,090237,1522281756.998007,2935,2940,2945,2950,2955,2960,2965,2970,2975,2980,45,2054,4010,1111,1001,4445,1000,1005,1301,2137,2925,2920,2915,2910,2905,2900,2895,2890,2880,2875,572,305,6345,11326,577,165,801,703,116,11,20921,18109,1,
001000,090241,1522281760.7261262,2935,2940,2945,2950,2955,2960,2965,2970,2975,2980,45,2054,4010,1111,1001,4445,1000,1005,1301,2137,2925,2920,2915,2910,2905,2900,2895,2890,2880,2875,572,305,6445,11326,577,165,801,703,116,11,21021,18109,1,
001000,090241,1522281761.5059643,2935,2940,2945,2950,2955,2960,2965,2970,2975,2980,45,2054,4010,1111,1001,4445,1000,1005,1301,2137,2925,2920,2915,2910,2905,2900,2895,2890,2880,2875,572,305,6445,11326,577,165,801,703,116,11,21021,18109,1,
001000,090246,1522281766.4088476,2935,2940,2945,2950,2955,2960,2965,2970,2975,2980,45,2054,4010,1111,1001,4445,1000,1005,1301,2137,2925,2920,2915,2910,2905,2900,2895,2890,2880,2875,572,305,6445,11326,577,165,801,703,116,11,21021,18109,1,
001000,090249,1522281768.8318517,2940,2945,2950,2955,2960,2965,2970,2975,2980,2985,2049,4010,1111,1001,4445,1000,1005,1301,2137,500,2925,2920,2915,2910,2905,2900,2895,2890,2880,2875,1072,305,6445,11326,577,165,801,703,116,11,21521,18559,1,
001000,090251,1522281771.4778628,2940,2945,2950,2955,2960,2965,2970,2975,2980,2985,2049,4010,1111,1001,4445,1000,1005,1301,2137,500,2925,2920,2915,2910,2905,2900,2895,2890,2880,2875,1072,305,6445,11326,677,165,801,703,116,11,21621,18559,1,
001000,090254,1522281774.6191554,2940,2945,2950,2955,2960,2965,2970,2975,2980,2985,2049,4010,1111,1001,4445,1000,1005,1301,2137,500,2925,2920,2915,2910,2905,2900,2895,2890,2880,2875,1072,305,6445,11326,677,265,801,703,116,11,21721,18559,1,
001000,090257,1522281777.2488818,2940,2945,2950,2955,2960,2965,2970,2975,2980,2985,2049,4010,1111,1001,4445,1000,1005,1301,2137,500,2925,2920,2915,2910,2905,2900,2895,2890,2880,2875,2572,305,6445,11326,677,265,801,703,116,11,23221,18559,1,
001000,090301,1522281781.0692558,2940,2945,2950,2955,2960,2965,2970,2975,2980,2985,2049,4010,1111,1001,4445,1000,1005,1301,2137,500,2925,2920,2915,2910,2905,2900,2895,2890,2880,2875,2632,305,6445,11326,677,265,801,703,116,11,23281,18559,1,
001000,090302,1522281781.743331,2940,2945,2950,2955,2960,2965,2970,2975,2980,2985,2049,4010,1111,1001,4445,1000,1005,1301,2137,500,2925,2920,2915,2910,2905,2900,2895,2890,2880,2875,2632,305,8945,11326,677,265,801,703,116,11,25781,18559,1,
001000,090302,1522281782.4293995,2940,2945,2950,2955,2960,2965,2970,2975,2980,2985,2049,4010,1111,1001,4445,1000,1005,1301,2137,500,2925,2920,2915,2910,2905,2900,2895,2890,2880,2875,2632,305,8945,11326,677,265,801,703,116,11,25781,18559,1,
001000,090307,1522281786.753157,2940,2945,2950,2955,2960,2965,2970,2975,2980,2985,1549,4010,1111,1001,4445,1000,1005,1301,2137,500,2925,2920,2915,2910,2905,2900,2895,2890,2880,2875,2132,305,8945,11326,677,265,801,703,116,11,25281,18059,1,
001000,090311,1522281791.4259543,2940,2945,2950,2955,2960,2965,2970,2975,2980,2985,1596,4010,1111,1001,4445,1000,1005,1301,2137,500,2925,2920,2915,2910,2905,2900,2895,2890,2880,2875,2132,305,8945,11326,677,265,801,703,116,11,25281,18106,1,
001000,090312,1522281792.4396567,2940,2945,2950,2955,2960,2965,2970,2975,2980,2985,1606,4010,1111,1001,4445,1000,1005,1301,2137,500,2925,2920,2915,2910,2905,2900,2895,2890,2880,2875,2132,305,8945,11326,677,265,801,703,116,11,25281,18116,1,
001000,090323,1522281802.9793525,2940,2945,2950,2955,2960,2965,2970,2975,2980,2985,1106,4010,1111,1001,4445,1000,1005,1301,2137,500,2925,2920,2915,2910,2905,2900,2895,2890,2880,2875,2132,305,8945,11326,677,265,801,703,116,11,25281,17616,1,
001000,090324,1522281804.3885684,2940,2945,2950,2955,2960,2965,2970,2975,2980,2985,1129,4029,1111,1001,4445,1000,1005,1301,2137,500,2925,2920,2915,2910,2905,2900,2895,2890,2880,2875,2132,305,8945,11326,677,265,801,703,116,11,25281,17658,1,
001000,090325,1522281805.5655513,2940,2945,2950,2955,2960,2965,2970,2975,2980,2985,1129,4029,1111,1001,4445,1000,1005,1301,2137,500,2925,2920,2915,2910,2905,2900,2895,2890,2880,2875,2132,329,8945,11326,677,265,801,703,116,11,25305,17658,1,
001000,090326,1522281805.8976874,2940,2945,2950,2955,2960,2965,2970,2975,2980,2985,1119,4029,1111,1001,4445,1000,1005,1301,2137,500,2925,2920,2915,2910,2905,2900,2895,2890,2880,2875,2132,329,8945,11326,677,265,801,703,116,11,25305,17648,1,
001000,090332,1522281811.8412633,2940,2945,2950,2955,2960,2965,2970,2975,2980,2985,1119,4029,1111,1001,4445,1000,1005,1301,2137,500,2930,2925,2920,2915,2910,2905,2900,2895,2890,2880,380,2132,329,8945,11326,677,265,801,703,116,25674,17648,1,
001000,090334,1522281814.6865964,2940,2945,2950,2955,2960,2965,2970,2975,2980,2985,1101,4029,1111,1001,4445,1000,1005,1301,2137,500,2930,2925,2920,2915,2910,2905,2900,2895,2890,2880,380,2132,329,8945,11326,677,265,801,703,116,25674,17630,1,
001000,090335,1522281815.3088048,2940,2945,2950,2955,2960,2965,2970,2975,2980,2985,1112,4029,1111,1001,4445,1000,1005,1301,2137,500,2930,2925,2920,2915,2910,2905,2900,2895,2890,2880,380,2132,329,8945,11326,677,275,801,703,116,25684,17641,1,
001000,090339,1522281819.0582364,2940,2945,2950,2955,2960,2965,2970,2975,2980,2985,1112,4029,1111,1001,4445,1000,1005,1301,2137,500,2930,2925,2920,2915,2910,2905,2900,2895,2890,2880,380,2132,329,8945,11326,677,275,801,703,116,25684,17641,1,
001000,090342,1522281822.5475056,2940,2945,2950,2955,2960,2965,2970,2975,2980,2985,1112,4029,1111,1001,4445,1000,1005,1301,2137,500,2930,2925,2920,2915,2910,2905,2900,2895,2890,2880,482,2132,329,8945,11326,677,275,801,703,116,25786,17641,1,
001000,090343,1522281823.1072607,2940,2945,2950,2955,2960,2965,2970,2975,2980,2985,1112,4029,1111,1001,4445,1000,1005,1301,2137,500,2925,2920,2915,2910,2905,2900,2895,2890,2880,2875,1614,329,8945,11326,677,275,801,703,116,11,24797,17641,1,
001000,090344,1522281824.2409568,2940,2945,2950,2955,2960,2965,2970,2975,2980,2985,1132,4029,1111,1001,4445,1000,1005,1301,2137,500,2925,2920,2915,2910,2905,2900,2895,2890,2880,2875,1614,329,8945,11326,677,275,801,703,116,11,24797,17661,1,
001000,090347,1522281827.5674758,2940,2945,2950,2955,2960,2965,2970,2975,2980,2985,1175,4071,1111,1001,4445,1000,1005,1301,2137,500,2925,2920,2915,2910,2905,2900,2895,2890,2880,2875,1603,329,8945,11326,677,275,801,703,116,11,24786,17746,1,
001000,090350,1522281829.8073654,2940,2945,2950,2955,2960,2965,2970,2975,2980,2985,1175,4071,1111,1001,4445,1000,1005,1301,2137,500,2925,2920,2915,2910,2905,2900,2895,2890,2880,2875,1703,329,8945,11326,677,275,801,703,116,11,24886,17746,1,
001000,090351,1522281831.5483415,2940,2945,2950,2955,2960,2965,2970,2975,2980,2985,1168,4063,1111,1001,4445,1000,1005,1301,2137,500,2925,2920,2915,2910,2905,2900,2895,2890,2880,2875,1687,329,8945,11326,677,275,801,703,116,11,24870,17731,1,
001000,090354,1522281834.6322222,2940,2945,2950,2955,2960,2965,2970,2975,2980,2985,1158,4063,1111,1001,4445,1000,1005,1301,2137,500,2925,2920,2915,2910,2905,2900,2895,2890,2880,2875,1676,329,8945,11326,677,275,801,703,116,11,24859,17721,1,
001000,090357,1522281837.5536692,2940,2945,2950,2955,2960,2965,2970,2975,2980,2985,1158,4063,1111,1001,4445,1000,1005,1301,2137,500,2925,2920,2915,2910,2905,2900,2895,2890,2880,2875,1676,329,8945,11326,677,275,801,703,116,11,24859,17721,1,
001000,090359,1522281839.51914,2940,2945,2950,2955,2960,2965,2970,2975,2980,2985,1152,4063,1111,1001,4445,1000,1005,1301,2137,500,2925,2920,2915,2910,2905,2900,2895,2890,2880,2875,1670,329,8945,11326,677,275,801,703,116,11,24853,17715,1,
001000,090401,1522281841.1472719,2940,2945,2950,2955,2960,2965,2970,2975,2980,2985,1052,4063,1111,1001,4445,1000,1005,1301,2137,500,2925,2920,2915,2910,2905,2900,2895,2890,2880,2875,1670,329,8945,11326,677,275,801,703,116,11,24853,17615,1,
001000,090402,1522281841.710827,2940,2945,2950,2955,2960,2965,2970,2975,2980,2985,1042,4063,1111,1001,4445,1000,1005,1301,2137,500,2925,2920,2915,2910,2905,2900,2895,2890,2880,2875,1657,329,8945,11326,677,275,801,703,116,11,24840,17605,1,
001000,090402,1522281842.3313823,2940,2945,2950,2955,2960,2965,2970,2975,2980,2985,1042,4063,1111,1001,4445,1000,1005,1301,2137,500,2925,2920,2915,2910,2905,2900,2895,2890,2880,2875,1656,329,8945,11326,677,275,801,703,116,11,24839,17605,1,
001000,090403,1522281843.1166587,2940,2945,2950,2955,2960,2965,2970,2975,2980,2985,1042,4063,1111,1001,4445,1000,1005,1301,2137,500,2925,2920,2915,2910,2905,2900,2895,2890,2880,2875,1656,329,8945,11343,677,275,801,703,116,11,24856,17605,1,
001000,090404,1522281844.069945,2940,2945,2950,2955,2960,2965,2970,2975,2980,2985,1042,4063,1111,1001,4445,1000,1005,1301,2137,500,2925,2920,2915,2910,2905,2900,2895,2890,2880,2875,1656,329,8945,11343,677,275,801,703,116,11,24856,17605,1,
001000,090414,1522281854.4050243,2940,2945,2950,2955,2960,2965,2970,2975,2980,2985,1032,4063,1111,1001,4445,1000,1005,1301,2137,500,2925,2920,2915,2910,2905,2900,2895,2890,2880,2875,1647,329,8945,11343,677,275,801,703,116,11,24847,17595,1,
001000,090419,1522281859.0026875,2940,2945,2950,2955,2960,2965,2970,2975,2980,2985,1032,4063,1111,1001,4445,1000,1005,1301,2137,500,2925,2920,2915,2910,2905,2900,2895,2890,2880,2875,1647,329,8945,11343,677,275,801,703,116,11,24847,17595,1,
001000,090423,1522281862.9357963,2940,2945,2950,2955,2960,2965,2970,2975,2980,2985,1032,4063,1111,1001,4445,1000,1005,1301,2137,500,2930,2925,2920,2915,2910,2905,2900,2895,2890,2880,100,1547,329,8945,11343,677,275,801,703,116,24836,17595,1,
001000,090423,1522281863.2128065,2940,2945,2950,2955,2960,2965,2970,2975,2980,2985,1032,4063,1111,1001,4445,1000,1005,1301,2137,500,2930,2925,2920,2915,2910,2905,2900,2895,2890,2880,103,1547,329,8945,11343,677,275,801,703,116,24839,17595,1,
001000,090423,1522281863.5619328,2940,2945,2950,2955,2960,2965,2970,2975,2980,2985,1012,4063,1111,1001,4445,1000,1005,1301,2137,500,2930,2925,2920,2915,2910,2905,2900,2895,2890,2880,82,1547,329,8945,11343,677,275,801,703,116,24818,17575,1,
001000,090426,1522281866.642592,2940,2945,2950,2955,2960,2965,2970,2975,2980,2985,1012,4063,1111,1001,4445,1000,1005,1301,2137,500,2930,2925,2920,2915,2910,2905,2900,2895,2890,2880,78,1547,329,8945,11343,677,275,801,703,116,24814,17575,1,
001000,090428,1522281867.935598,2940,2945,2950,2955,2960,2965,2970,2975,2980,2985,1007,4063,1111,1001,4445,1000,1005,1301,2137,500,2930,2925,2920,2915,2910,2905,2900,2895,2890,2880,72,1547,329,8945,11343,677,275,801,703,116,24808,17570,1,
001000,090428,1522281868.6168573,2940,2945,2950,2955,2960,2965,2970,2975,2980,2985,1007,4063,1111,1001,4445,1000,1005,1301,2137,500,2930,2925,2920,2915,2910,2905,2900,2895,2890,2880,72,1547,329,8945,11343,677,275,801,703,116,24808,17570,1,
001000,090430,1522281870.245601,2940,2945,2950,2955,2960,2965,2970,2975,2980,2985,1007,4063,1111,1001,4445,1000,1005,1301,2137,500,2930,2925,2920,2915,2910,2905,2900,2895,2890,2880,72,1547,329,8945,11343,677,275,801,703,116,24808,17570,1,
001000,090430,1522281870.4699788,2940,2945,2950,2955,2960,2965,2970,2975,2980,2985,1007,4063,1111,1001,4445,1000,1005,1301,2137,500,2930,2925,2920,2915,2910,2905,2900,2895,2890,2880,72,1547,331,8945,11343,677,275,801,703,116,24810,17570,1,
001000,090432,1522281871.7102907,2940,2945,2950,2955,2960,2965,2970,2975,2980,2985,1000,4063,1111,1001,4445,1000,1005,1301,2137,500,2930,2925,2920,2915,2910,2905,2900,2895,2890,2880,67,1547,331,8945,11343,677,275,801,703,116,24805,17563,1,
001000,090436,1522281876.527388,2940,2945,2950,2955,2960,2965,2970,2975,2980,2985,992,4063,1111,1001,4445,1000,1005,1301,2137,500,2930,2925,2920,2915,2910,2905,2900,2895,2890,2880,59,1547,331,8945,11343,677,275,801,703,116,24797,17555,1,
001000,090437,1522281877.3679018,2940,2945,2950,2955,2960,2965,2970,2975,2980,2985,992,4063,1111,1001,4445,1000,1005,1301,2137,500,2935,2930,2925,2920,2915,2910,2905,2900,2895,2890,5,59,1547,331,8945,11343,677,275,801,703,24686,17555,1,
001000,090439,1522281879.5937426,2940,2945,2950,2955,2960,2965,2970,2975,2980,2985,992,4063,1111,1001,4445,1000,1005,1301,2137,500,2930,2925,2920,2915,2910,2905,2900,2895,2890,2880,59,1547,331,8945,11343,677,275,801,703,116,24797,17555,1,
001000,090444,1522281883.8971949,2940,2945,2950,2955,2960,2965,2970,2975,2980,2985,992,4063,1111,1001,4445,1000,1005,1301,2137,500,2930,2925,2920,2915,2910,2905,2900,2895,2890,2880,59,1547,331,8945,11344,677,275,801,703,116,24798,17555,1,
001000,090446,1522281886.1457992,2940,2945,2950,2955,2960,2965,2970,2975,2980,2985,992,4063,1111,1001,4445,1000,1005,1301,2137,500,2930,2925,2920,2915,2910,2905,2900,2895,2890,2880,59,1547,331,8946,11344,677,276,801,703,116,24800,17555,1,
001000,090450,1522281890.0256693,2940,2945,2950,2955,2960,2965,2970,2975,2980,2985,992,4063,1111,1001,4445,1000,1005,1301,2137,500,2930,2925,2920,2915,2910,2905,2900,2895,2890,2880,59,1547,331,8946,11344,677,276,801,703,116,24800,17555,1,
001000,090450,1522281890.3048203,2940,2945,2950,2955,2960,2965,2970,2975,2980,2985,984,4063,1111,1001,4445,1000,1005,1301,2137,500,2930,2925,2920,2915,2910,2905,2900,2895,2890,2880,59,1547,331,8946,11344,677,276,801,703,116,24800,17547,1,
001000,090451,1522281890.7000568,2940,2945,2950,2955,2960,2965,2970,2975,2980,2985,984,4063,1111,1001,4445,1000,1005,1301,2137,500,2930,2925,2920,2915,2910,2905,2900,2895,2890,2880,51,1547,331,8946,11344,677,276,801,703,116,24792,17547,1,
001000,090453,1522281893.3478138,2940,2945,2950,2955,2960,2965,2970,2975,2980,2985,985,4063,1111,1001,4445,1000,1005,1301,2137,500,2930,2925,2920,2915,2910,2905,2900,2895,2890,2880,51,1547,331,8946,11344,677,276,801,703,116,24792,17548,1,
001000,090455,1522281894.860814,2940,2945,2950,2955,2960,2965,2970,2975,2980,2985,985,4063,1111,1001,4445,1000,1005,1301,2137,500,2930,2925,2920,2915,2910,2905,2900,2895,2890,2880,51,1547,831,8946,11344,677,276,801,703,116,25292,17548,1,
001000,090455,1522281895.486642,2935,2940,2945,2950,2955,2960,2965,2970,2975,2980,200,985,4063,1111,1001,4445,1000,1005,1301,2137,2930,2925,2920,2915,2910,2905,2900,2895,2890,2880,51,1547,831,8946,11344,677,276,801,703,116,25292,17248,1,
001000,090456,1522281895.7722197,2935,2940,2945,2950,2955,2960,2965,2970,2975,2980,219,969,4010,1111,1001,4445,1000,1005,1301,2137,2930,2925,2920,2915,2910,2905,2900,2895,2890,2880,51,1547,831,8946,11344,677,276,801,703,116,25292,17198,1,
001000,090456,1522281896.1158504,2935,2940,2945,2950,2955,2960,2965,2970,2975,2980,219,969,4010,1111,1001,4445,1000,1005,1301,2137,2930,2925,2920,2915,2910,2905,2900,2895,2890,2880,51,1547,831,8946,11344,677,276,801,703,116,25292,17198,1,
001000,090500,1522281900.2903519,2935,2940,2945,2950,2955,2960,2965,2970,2975,2980,219,969,4010,1111,1001,4445,1000,1005,1301,2137,2930,2925,2920,2915,2910,2905,2900,2895,2890,2880,51,1547,831,8946,11344,677,276,801,703,116,25292,17198,1,
001000,090502,1522281902.475205,2935,2940,2945,2950,2955,2960,2965,2970,2975,2980,220,968,4010,1111,1001,4445,1000,1005,1301,2137,2930,2925,2920,2915,2910,2905,2900,2895,2890,2880,51,1547,831,8946,11344,677,276,801,703,116,25292,17198,1,
001000,090513,1522281912.8578768,2935,2940,2945,2950,2955,2960,2965,2970,2975,2980,220,968,4010,1111,1001,4445,1000,1005,1301,2137,2930,2925,2920,2915,2910,2905,2900,2895,2890,2880,51,1547,831,8946,11344,677,376,801,703,116,25392,17198,1,
001000,090514,1522281913.9330335,2935,2940,2945,2950,2955,2960,2965,2970,2975,2980,220,968,4010,1111,1001,4445,1000,1005,1301,2137,2930,2925,2920,2915,2910,2905,2900,2895,2890,2880,51,1547,831,8946,11344,677,376,801,703,116,25392,17198,1,
001000,090514,1522281914.6546206,2935,2940,2945,2950,2955,2960,2965,2970,2975,2980,220,968,4010,1111,1001,4445,1000,1005,1301,2137,2930,2925,2920,2915,2910,2905,2900,2895,2890,2880,51,1547,831,8946,11344,677,376,801,703,116,25392,17198,1,
001000,090515,1522281915.559763,2935,2940,2945,2950,2955,2960,2965,2970,2975,2980,220,968,4010,1111,1001,4445,1000,1005,1301,2137,2930,2925,2920,2915,2910,2905,2900,2895,2890,2880,51,1547,1940,8946,11344,677,376,801,703,116,26501,17198,1,
001000,090517,1522281917.475379,2930,2935,2940,2945,2950,2955,2960,2965,2970,2975,51,220,968,4010,1111,1001,4445,1000,1005,1301,2925,2920,2915,2910,2905,2900,2895,2890,2880,2875,598,1940,8946,11344,677,376,801,703,116,11,25512,15112,1,
001000,090518,1522281917.8727868,2930,2935,2940,2945,2950,2955,2960,2965,2970,2975,105,220,891,4010,1111,1001,4445,1000,1005,1301,2925,2920,2915,2910,2905,2900,2895,2890,2880,2875,592,1940,8946,11344,677,376,801,703,116,11,25506,15089,1,
001000,090520,1522281920.629264,2930,2935,2940,2945,2950,2955,2960,2965,2970,2975,126,219,891,4010,1111,1001,4445,1000,1005,1301,2925,2920,2915,2910,2905,2900,2895,2890,2880,2875,592,1940,8946,11344,677,376,801,703,116,11,25506,15109,1,
001000,090522,1522281921.8626685,2930,2935,2940,2945,2950,2955,2960,2965,2970,2975,126,219,891,4010,1111,1001,4445,1000,1005,1301,2925,2920,2915,2910,2905,2900,2895,2890,2880,2875,587,1940,8946,11344,677,376,801,703,116,11,25501,15109,1,
001000,090526,1522281925.9511814,2930,2935,2940,2945,2950,2955,2960,2965,2970,2975,126,219,891,4010,1111,1001,4445,1000,1005,1301,2925,2920,2915,2910,2905,2900,2895,2890,2880,2875,587,1940,8946,11344,677,376,801,703,212,11,25597,15109,1,
001000,090526,1522281926.2783394,2930,2935,2940,2945,2950,2955,2960,2965,2970,2975,126,219,1041,4010,1111,1001,4445,1000,1005,1301,2925,2920,2915,2910,2905,2900,2895,2890,2880,2875,587,1940,8946,11344,677,376,801,703,212,11,25597,15259,1,
001000,090528,1522281928.3556283,2930,2935,2940,2945,2950,2955,2960,2965,2970,2975,75,219,1041,4010,1111,1001,4445,1000,1005,1301,2925,2920,2915,2910,2905,2900,2895,2890,2880,2875,587,1940,8946,11344,677,376,801,703,212,11,25597,15208,1,
001000,090536,1522281936.2605116,2930,2935,2940,2945,2950,2955,2960,2965,2970,2975,69,219,1041,4010,1111,1001,4445,1000,1005,1301,2925,2920,2915,2910,2905,2900,2895,2890,2880,2875,582,1940,8946,11344,677,376,801,703,212,11,25592,15202,1,
001000,090543,1522281943.6651187,2930,2935,2940,2945,2950,2955,2960,2965,2970,2975,65,219,1041,4010,1111,1001,4445,1000,1005,1301,2925,2920,2915,2910,2905,2900,2895,2890,2880,2875,578,1940,8946,11344,677,376,801,703,212,11,25588,15198,1,
001000,090545,1522281945.235622,2930,2935,2940,2945,2950,2955,2960,2965,2970,2975,65,219,1041,4010,1111,1001,4445,1000,1005,1301,2925,2920,2915,2910,2905,2900,2895,2890,2880,2875,578,1940,8946,11344,677,876,801,703,212,11,26088,15198,1,
001000,090550,1522281949.885376,2930,2935,2940,2945,2950,2955,2960,2965,2970,2975,65,219,1041,4010,1111,1001,4445,1000,1005,1301,2925,2920,2915,2910,2905,2900,2895,2890,2880,2875,578,1940,8946,11344,677,876,801,703,212,11,26088,15198,1,
001000,090557,1522281957.319915,2930,2935,2940,2945,2950,2955,2960,2965,2970,2975,60,219,1041,4010,1111,1001,4445,1000,1005,1301,2925,2920,2915,2910,2905,2900,2895,2890,2880,2875,573,1940,8946,11344,677,876,801,703,212,11,26083,15193,1,
001000,090558,1522281958.665277,2930,2935,2940,2945,2950,2955,2960,2965,2970,2975,60,219,1041,4010,1111,1001,4445,1000,1005,1301,2925,2920,2915,2910,2905,2900,2895,2890,2880,2875,573,5940,8946,11344,677,876,801,703,212,11,30083,15193,1,
001000,090601,1522281961.0402353,2930,2935,2940,2945,2950,2955,2960,2965,2970,2975,59,219,1041,4010,1111,1001,4445,1000,1005,1301,2925,2920,2915,2910,2905,2900,2895,2890,2880,2875,573,5940,8946,11344,677,876,801,703,212,11,30083,15192,1,
001000,090602,1522281962.547672,2930,2935,2940,2945,2950,2955,2960,2965,2970,2975,55,219,1041,4010,1111,1001,4445,1000,1005,1301,2925,2920,2915,2910,2905,2900,2895,2890,2880,2875,570,5940,8946,11344,677,876,801,703,212,11,30080,15188,1,
001000,090603,1522281963.6867085,2930,2935,2940,2945,2950,2955,2960,2965,2970,2975,55,19,1041,4010,1111,1001,4445,1000,1005,1301,2925,2920,2915,2910,2905,2900,2895,2890,2880,2875,570,5940,8946,11344,677,876,801,703,212,11,30080,14988,1,
001000,090604,1522281964.399741,2930,2935,2940,2945,2950,2955,2960,2965,2970,2975,55,19,1041,4010,1111,1001,4445,1000,1005,1301,2925,2920,2915,2910,2905,2900,2895,2890,2880,2875,570,5940,8946,11344,677,876,801,703,212,11,30080,14988,1,
001000,090605,1522281964.9748511,2930,2935,2940,2945,2950,2955,2960,2965,2970,2975,55,19,1041,4010,1111,1001,4445,1000,1005,1301,2925,2920,2915,2910,2905,2900,2895,2890,2880,2875,620,5940,8946,11344,677,876,801,703,212,11,30130,14988,1,
001000,090607,1522281967.5528467,2930,2935,2940,2945,2950,2955,2960,2965,2970,2975,45,19,1041,4010,1111,1001,4445,1000,1005,1301,2925,2920,2915,2910,2905,2900,2895,2890,2880,2875,620,5940,8946,11344,677,876,801,703,212,11,30130,14978,1,
001000,090608,1522281968.115922,2930,2935,2940,2945,2950,2955,2960,2965,2970,2975,46,19,1041,4010,1111,1001,4445,1000,1005,1301,2925,2920,2915,2910,2905,2900,2895,2890,2880,2875,620,5940,8946,11344,677,876,801,703,212,11,30130,14979,1,
001000,090610,1522281969.8032048,2935,2940,2945,2950,2955,2960,2965,2970,2975,2980,19,1041,4010,1111,1001,4445,1000,1005,1301,2137,2930,2925,2920,2915,2910,2905,2900,2895,2890,2880,1063,620,5940,8946,11344,677,876,801,703,212,31182,17070,1,
001000,090610,1522281970.3141012,2935,2940,2945,2950,2955,2960,2965,2970,2975,2980,19,1041,4010,1111,1001,4445,1000,1005,1301,2137,2930,2925,2920,2915,2910,2905,2900,2895,2890,2880,1064,620,5940,8946,11344,677,876,801,703,212,31183,17070,1,
001000,090614,1522281973.78889,2940,2945,2950,2955,2960,2965,2970,2975,2980,2985,1117,4120,1111,1001,4445,1000,1005,1301,2137,500,2930,2925,2920,2915,2910,2905,2900,2895,2890,2880,1064,620,5940,8946,11344,677,876,801,703,212,31183,17737,1,
001000,090615,1522281974.7918427,2940,2945,2950,2955,2960,2965,2970,2975,2980,2985,1117,4120,1111,1001,4445,1000,1005,1301,2137,500,2930,2925,2920,2915,2910,2905,2900,2895,2890,2880,864,620,5940,8946,11344,677,876,801,703,212,30983,17737,1,
001000,090615,1522281975.082413,2940,2945,2950,2955,2960,2965,2970,2975,2980,2985,1117,4120,1111,1001,4445,1000,1005,1301,2137,500,2930,2925,2920,2915,2910,2905,2900,2895,2890,2880,864,620,5940,8946,11344,677,876,801,703,212,30983,17737,1,
001000,090618,1522281977.9912715,2940,2945,2950,2955,2960,2965,2970,2975,2980,2985,1117,4120,1111,1001,4445,1000,1005,1301,2137,500,2930,2925,2920,2915,2910,2905,2900,2895,2890,2880,864,2620,5940,8946,11344,677,876,801,703,212,32983,17737,1,
001000,090618,1522281978.4965,2940,2945,2950,2955,2960,2965,2970,2975,2980,2985,1117,4120,1111,1001,4445,1000,1005,1301,2137,500,2935,2930,2925,2920,2915,2910,2905,2900,2895,2890,340,864,2620,5940,8946,11344,677,876,801,703,33111,17737,1,
001000,090619,1522281978.990451,2940,2945,2950,2955,2960,2965,2970,2975,2980,2985,1127,4120,1111,1001,4445,1000,1005,1301,2137,500,2935,2930,2925,2920,2915,2910,2905,2900,2895,2890,340,864,2620,5940,8946,11344,677,876,801,703,33111,17747,1,
001000,090619,1522281979.55538,2940,2945,2950,2955,2960,2965,2970,2975,2980,2985,1127,4120,1111,1001,4445,1000,1005,1301,2137,500,2935,2930,2925,2920,2915,2910,2905,2900,2895,2890,340,864,2620,5940,8946,11344,677,876,801,703,33111,17747,1,
001000,090621,1522281980.7887576,2940,2945,2950,2955,2960,2965,2970,2975,2980,2985,1129,4120,1111,1001,4445,1000,1005,1301,2137,500,2935,2930,2925,2920,2915,2910,2905,2900,2895,2890,338,864,2620,5940,8946,11344,677,876,801,703,33109,17749,1,
001000,090627,1522281986.9581153,2940,2945,2950,2955,2960,2965,2970,2975,2980,2985,1127,4120,1111,1001,4445,1000,1005,1301,2137,500,2935,2930,2925,2920,2915,2910,2905,2900,2895,2890,332,864,2620,5940,8946,11344,677,876,801,703,33103,17747,1,
001000,090629,1522281989.42363,2940,2945,2950,2955,2960,2965,2970,2975,2980,2985,1127,4120,1111,1001,4445,1000,1005,1301,2137,500,2935,2930,2925,2920,2915,2910,2905,2900,2895,2890,332,864,2620,5940,8946,11344,677,876,801,703,33103,17747,1,
001000,090630,1522281989.8732188,2940,2945,2950,2955,2960,2965,2970,2975,2980,2985,1127,4120,1111,1001,4445,1000,1005,1301,2137,500,2935,2930,2925,2920,2915,2910,2905,2900,2895,2890,332,864,620,5940,8946,11344,677,876,801,703,31103,17747,1,
001000,090631,1522281990.7829585,2940,2945,2950,2955,2960,2965,2970,2975,2980,2985,1127,4120,1111,1001,4445,1000,1005,1301,2137,500,2935,2930,2925,2920,2915,2910,2905,2900,2895,2890,332,864,620,5940,8946,11344,677,876,801,703,31103,17747,1,
001000,090632,1522281991.953888,2940,2945,2950,2955,2960,2965,2970,2975,2980,2985,1126,4120,1111,1001,4445,1000,1005,1301,2137,500,2935,2930,2925,2920,2915,2910,2905,2900,2895,2890,332,864,620,5940,8946,11344,677,876,801,703,31103,17746,1,
001000,090638,1522281997.9153652,2940,2945,2950,2955,2960,2965,2970,2975,2980,2985,1126,4120,1111,1001,4445,1000,1005,1301,2137,500,2935,2930,2925,2920,2915,2910,2905,2900,2895,2890,332,864,620,5940,8946,11344,677,876,801,703,31103,17746,1,
001000,090644,1522282004.3755376,2940,2945,2950,2955,2960,2965,2970,2975,2980,2985,1125,4120,1111,1001,4445,1000,1005,1301,2137,500,2935,2930,2925,2920,2915,2910,2905,2900,2895,2890,332,864,620,5940,8946,11344,677,876,801,703,31103,17745,1,
001000,090647,1522282006.7370505,2940,2945,2950,2955,2960,2965,2970,2975,2980,2985,1125,4120,1111,1001,4445,1000,1005,1301,2137,500,2935,2930,2925,2920,2915,2910,2905,2900,2895,2890,332,1,1483,5940,8946,11344,677,876,801,703,31103,17745,1,
001000,090654,1522282013.8114228,2940,2945,2950,2955,2960,2965,2970,2975,2980,2985,1125,4120,1111,1001,4446,1000,1005,1301,2137,500,2935,2930,2925,2920,2915,2910,2905,2900,2895,2890,332,1,1483,5940,8946,11344,677,876,801,703,31103,17746,1,
001000,090656,1522282015.7728257,2940,2945,2950,2955,2960,2965,2970,2975,2980,2985,1122,4120,1111,1001,4446,1000,1005,1301,2137,500,2935,2930,2925,2920,2915,2910,2905,2900,2895,2890,332,1,1483,5940,8946,11344,677,876,801,703,31103,17743,1,
001000,090702,1522282022.5967584,2940,2945,2950,2955,2960,2965,2970,2975,2980,2985,1422,4120,1111,1001,4446,1000,1005,1301,2137,500,2935,2930,2925,2920,2915,2910,2905,2900,2895,2890,332,1,1483,5940,8946,11344,677,876,801,703,31103,18043,1,
001000,090705,1522282025.124167,2940,2945,2950,2955,2960,2965,2970,2975,2980,2985,1446,4108,1111,1001,4446,1000,1005,1301,2137,500,2935,2930,2925,2920,2915,2910,2905,2900,2895,2890,332,1,1483,5940,8946,11344,677,876,801,703,31103,18055,1,
001000,090706,1522282026.137938,2935,2940,2945,2950,2955,2960,2965,2970,2975,2980,368,1446,4108,1111,1001,4446,1000,1005,1301,2137,2930,2925,2920,2915,2910,2905,2900,2895,2890,2880,1,1483,5940,8946,11344,677,876,801,703,116,30887,17923,1,
001000,090707,1522282026.8679326,2935,2940,2945,2950,2955,2960,2965,2970,2975,2980,368,1446,4108,1111,1001,4446,1000,1005,1301,2137,2930,2925,2920,2915,2910,2905,2900,2895,2890,2880,1,1483,5940,8946,11344,677,876,801,703,116,30887,17923,1,
001000,090708,1522282028.1043131,2935,2940,2945,2950,2955,2960,2965,2970,2975,2980,421,1446,4010,1111,1001,4446,1000,1005,1301,2137,2930,2925,2920,2915,2910,2905,2900,2895,2890,2880,1,1483,5940,8946,11344,677,876,801,703,116,30887,17878,1,
001000,090716,1522282035.8671603,2935,2940,2945,2950,2955,2960,2965,2970,2975,2980,421,1446,4010,1111,1001,4446,1000,1005,1301,2137,2930,2925,2920,2915,2910,2905,2900,2895,2890,2880,1,1583,5940,8946,11344,677,876,801,703,116,30987,17878,1,
001000,090729,1522282048.9270914,2935,2940,2945,2950,2955,2960,2965,2970,2975,2980,421,1446,4010,1111,1001,4446,1000,1005,1301,2137,2930,2925,2920,2915,2910,2905,2900,2895,2890,2880,1,1583,5940,8946,11344,677,876,801,703,116,30987,17878,1,
001000,090729,1522282049.59535,2935,2940,2945,2950,2955,2960,2965,2970,2975,2980,421,1446,4010,1111,1001,4446,1000,1005,1301,2137,2930,2925,2920,2915,2910,2905,2900,2895,2890,2880,101,1583,5940,8946,11344,677,876,801,703,116,31087,17878,1,
001000,090740,1522282060.5012329,2935,2940,2945,2950,2955,2960,2965,2970,2975,2980,421,1446,4010,1111,1001,4446,1000,1005,1301,2137,2930,2925,2920,2915,2910,2905,2900,2895,2890,2880,1477,1583,5940,8946,11344,677,876,801,703,116,32463,17878,1,
001000,090754,1522282073.6911159,2935,2940,2945,2950,2955,2960,2965,2970,2975,2980,421,1446,10,1111,1001,4446,1000,1005,1301,2137,2930,2925,2920,2915,2910,2905,2900,2895,2890,2880,1477,1583,5940,8946,11344,677,876,801,703,116,32463,13878,1,
001000,090758,1522282078.501409,2935,2940,2945,2950,2955,2960,2965,2970,2975,2980,421,1446,10,1111,1001,4446,1000,1005,1301,2137,2930,2925,2920,2915,2910,2905,2900,2895,2890,2880,101,1583,5940,8946,11344,677,876,801,703,116,31087,13878,1,
001000,090829,1522282108.8012607,2935,2940,2945,2950,2955,2960,2965,2970,2975,2980,421,1446,10,1111,1001,4446,1000,1005,1301,2137,2930,2925,2920,2915,2910,2905,2900,2895,2890,2880,100,1583,5940,8946,11344,677,876,801,703,116,31086,13878,1,
001000,090854,1522282133.8035476,2935,2940,2945,2950,2955,2960,2965,2970,2975,2980,421,1446,10,1111,1001,4446,1000,1005,1301,2137,2930,2925,2920,2915,2910,2905,2900,2895,2890,2880,99,1583,5940,8946,11344,677,876,801,703,116,31085,13878,1,
001000,090910,1522282150.4439483,2935,2940,2945,2950,2955,2960,2965,2970,2975,2980,421,1446,10,1111,1001,4446,1000,1005,1301,2137,2930,2925,2920,2915,2910,2905,2900,2895,2890,2880,99,1583,5940,8946,11344,677,876,801,703,116,31085,13878,1,
001000,090913,1522282153.526592,2935,2940,2945,2950,2955,2960,2965,2970,2975,2980,421,1446,10,1111,1001,4446,1000,1005,1301,2137,2930,2925,2920,2915,2910,2905,2900,2895,2890,2880,99,1583,5940,8946,11344,677,876,801,703,116,31085,13878,1,
001000,090917,1522282157.0669072,2935,2940,2945,2950,2955,2960,2965,2970,2975,2980,421,1446,10,1111,1001,4446,1000,1005,1301,2137,2930,2925,2920,2915,2910,2905,2900,2895,2890,2880,199,1583,5940,8946,11344,677,876,801,703,116,31185,13878,1,
001000,090924,1522282164.0344205,2935,2940,2945,2950,2955,2960,2965,2970,2975,2980,421,1446,10,1111,1001,4446,1000,1005,1301,2137,2930,2925,2920,2915,2910,2905,2900,2895,2890,2880,199,2083,5940,8946,11344,677,876,801,703,116,31685,13878,1,
001000,090939,1522282178.7395718,2935,2940,2945,2950,2955,2960,2965,2970,2975,2980,421,1446,10,1111,1001,4446,1000,1005,1301,2137,2930,2925,2920,2915,2910,2905,2900,2895,2890,2880,199,2083,5940,8947,11344,677,876,801,703,116,31686,13878,1,
001000,090942,1522282181.8712893,2935,2940,2945,2950,2955,2960,2965,2970,2975,2980,421,1446,10,1111,1001,4446,1000,1005,1301,2137,2930,2925,2920,2915,2910,2905,2900,2895,2890,2880,199,2083,5940,8947,11344,678,876,801,703,116,31687,13878,1,
001000,090943,1522282183.0540712,2935,2940,2945,2950,2955,2960,2965,2970,2975,2980,421,1446,10,1111,1001,4446,1000,1005,1301,2137,2930,2925,2920,2915,2910,2905,2900,2895,2890,2880,199,2083,5940,8947,11344,678,876,801,703,116,31687,13878,1,
001000,090944,1522282184.1717546,2935,2940,2945,2950,2955,2960,2965,2970,2975,2980,421,1446,10,1111,1001,4446,1000,1005,1301,2137,2930,2925,2920,2915,2910,2905,2900,2895,2890,2880,202,2083,5940,8947,11344,678,876,801,703,116,31690,13878,1,
001000,090945,1522282184.9499269,2935,2940,2945,2950,2955,2960,2965,2970,2975,2980,421,1446,10,1111,1001,4446,1000,1005,1301,2137,2930,2925,2920,2915,2910,2905,2900,2895,2890,2880,202,2083,5940,8947,11344,678,876,903,703,116,31792,13878,1,
001000,090951,1522282191.3565776,2935,2940,2945,2950,2955,2960,2965,2970,2975,2980,421,1446,10,1111,1001,4446,1000,1005,1301,2137,2925,2920,2915,2910,2905,2900,2895,2890,2880,2875,285,5940,8947,11344,678,876,903,703,116,11,29803,13878,1,
001000,090951,1522282191.571885,2935,2940,2945,2950,2955,2960,2965,2970,2975,2980,421,1439,10,1111,1001,4446,1000,1005,1301,2137,2925,2920,2915,2910,2905,2900,2895,2890,2880,2875,285,5940,8947,11344,678,876,903,703,116,11,29803,13871,1,
001000,090952,1522282191.8042517,2935,2940,2945,2950,2955,2960,2965,2970,2975,2980,505,1439,10,1111,1001,4446,1000,1005,1301,2137,2925,2920,2915,2910,2905,2900,2895,2890,2880,2875,272,5940,8947,11344,678,876,903,703,116,11,29790,13955,1,
001000,090957,1522282196.732676,2930,2935,2940,2945,2950,2955,2960,2965,2970,2975,5,505,1418,10,1111,1001,4446,1000,1005,1301,2925,2920,2915,2910,2905,2900,2895,2890,2880,2875,256,5940,8947,11344,678,876,903,703,116,11,29774,11802,1,
001000,091001,1522282201.62805,2935,2940,2945,2950,2955,2960,2965,2970,2975,2980,505,1403,10,1111,1001,4446,1000,1005,1301,2137,2925,2920,2915,2910,2905,2900,2895,2890,2880,2875,236,5940,8947,11344,678,876,903,703,116,11,29754,13919,1,
001000,091003,1522282203.043182,2935,2940,2945,2950,2955,2960,2965,2970,2975,2980,505,1403,10,1111,1001,4446,1000,1005,1301,2137,2925,2920,2915,2910,2905,2900,2895,2890,2880,2875,186,5940,8947,11344,678,876,903,703,116,11,29704,13919,1,
001000,091006,1522282205.73724,2935,2940,2945,2950,2955,2960,2965,2970,2975,2980,505,1403,10,1111,1001,4446,1000,1005,1301,2137,2925,2920,2915,2910,2905,2900,2895,2890,2880,2875,186,5940,8947,11344,678,880,903,703,116,11,29708,13919,1,
001000,091006,1522282206.687672,2935,2940,2945,2950,2955,2960,2965,2970,2975,2980,505,1399,10,1111,1001,4446,1000,1005,1301,2137,2925,2920,2915,2910,2905,2900,2895,2890,2880,2875,182,5940,8947,11344,678,880,903,703,116,11,29704,13915,1,
001000,091011,1522282211.5730307,2935,2940,2945,2950,2955,2960,2965,2970,2975,2980,505,1399,10,1111,1001,4446,1000,1005,1301,2137,2925,2920,2915,2910,2905,2900,2895,2890,2880,2875,182,5940,8947,11344,695,880,903,703,116,11,29721,13915,1,
001000,091013,1522282212.805888,2935,2940,2945,2950,2955,2960,2965,2970,2975,2980,505,1399,10,1111,1001,4446,1000,1005,1301,2137,2925,2920,2915,2910,2905,2900,2895,2890,2880,2875,682,5440,8947,11344,695,880,903,703,116,11,29721,13915,1,
001000,091014,1522282214.0457468,2935,2940,2945,2950,2955,2960,2965,2970,2975,2980,505,1399,10,1111,1001,4446,1000,1005,1301,2137,2925,2920,2915,2910,2905,2900,2895,2890,2880,2875,682,5445,8947,11344,695,880,903,703,116,11,29726,13915,1,
001000,091015,1522282215.1083374,2935,2940,2945,2950,2955,2960,2965,2970,2975,2980,505,1399,10,1111,1001,4446,1000,1005,1301,2137,2925,2920,2915,2910,2905,2900,2895,2890,2880,2875,782,5445,8947,11344,695,880,903,703,116,11,29826,13915,1,
001000,091019,1522282218.7658656,2935,2940,2945,2950,2955,2960,2965,2970,2975,2980,505,1399,10,1111,1001,4446,1000,1005,1301,2137,2925,2920,2915,2910,2905,2900,2895,2890,2880,2875,782,5445,8947,11344,695,880,903,703,116,11,29826,13915,1,
001000,091019,1522282219.3257089,2935,2940,2945,2950,2955,2960,2965,2970,2975,2980,505,1399,10,1111,1001,4446,1000,1005,1301,2137,2925,2920,2915,2910,2905,2900,2895,2890,2880,2875,792,5445,8947,11344,695,880,903,703,116,11,29836,13915,1,
001000,091034,1522282233.8135347,2935,2940,2945,2950,2955,2960,2965,2970,2975,2980,505,1399,10,1111,1001,4446,1000,1005,1301,2137,2925,2920,2915,2910,2905,2900,2895,2890,2880,2875,792,5421,8947,11344,695,880,903,703,116,11,29812,13915,1,
001000,091041,1522282240.9913452,2935,2940,2945,2950,2955,2960,2965,2970,2975,2980,505,1249,10,1111,1001,4446,1000,1005,1301,2137,2925,2920,2915,2910,2905,2900,2895,2890,2880,2875,792,5421,8947,11344,695,880,903,703,116,11,29812,13765,1,
001000,091048,1522282247.9398022,2935,2940,2945,2950,2955,2960,2965,2970,2975,2980,505,1249,10,1111,1001,4446,1000,1005,1301,2137,2925,2920,2915,2910,2905,2900,2895,2890,2880,2875,573,5421,8947,11344,695,880,903,703,116,11,29593,13765,1,
001000,091050,1522282249.9187932,2935,2940,2945,2950,2955,2960,2965,2970,2975,2980,505,1245,10,1111,1001,4446,1000,1005,1301,2137,2925,2920,2915,2910,2905,2900,2895,2890,2880,2875,569,5421,8947,11344,695,880,903,703,116,11,29589,13761,1,
001000,091054,1522282254.2262816,2935,2940,2945,2950,2955,2960,2965,2970,2975,2980,505,1245,10,1111,1001,4446,1000,1005,1301,2137,2925,2920,2915,2910,2905,2900,2895,2890,2880,2875,569,5721,8947,11344,695,880,903,703,116,11,29889,13761,1,
001000,091055,1522282254.9033017,2935,2940,2945,2950,2955,2960,2965,2970,2975,2980,505,1240,10,1111,1001,4446,1000,1005,1301,2137,2925,2920,2915,2910,2905,2900,2895,2890,2880,2875,564,5721,8947,11344,695,880,903,703,116,11,29884,13756,1,
001000,091056,1522282256.0320017,2935,2940,2945,2950,2955,2960,2965,2970,2975,2980,505,1240,10,1111,1001,4446,1000,1005,1301,2137,2925,2920,2915,2910,2905,2900,2895,2890,2880,2875,564,5721,8947,11344,695,880,903,703,116,11,29884,13756,1,
001000,091107,1522282267.1707807,2935,2940,2945,2950,2955,2960,2965,2970,2975,2980,505,1240,10,1111,1001,4446,1000,1005,1301,2137,2925,2920,2915,2910,2905,2900,2895,2890,2880,2875,864,5421,8947,11344,695,880,903,703,116,11,29884,13756,1,
001000,091114,1522282274.6129916,2935,2940,2945,2950,2955,2960,2965,2970,2975,2980,505,1240,10,1111,1001,4446,1000,1005,1301,2637,2925,2920,2915,2910,2905,2900,2895,2890,2880,2875,864,5421,8947,11344,695,880,903,703,116,11,29884,14256,1,
001000,091122,1522282282.5449395,2935,2940,2945,2950,2955,2960,2965,2970,2975,2980,505,1240,10,1111,1001,4446,1000,1005,1301,2637,2925,2920,2915,2910,2905,2900,2895,2890,2880,2875,364,5421,8947,11344,695,880,903,703,116,11,29384,14256,1,
001000,091124,1522282283.9961257,2935,2940,2945,2950,2955,2960,2965,2970,2975,2980,505,1231,10,1111,1001,4446,1000,1005,1301,2637,2925,2920,2915,2910,2905,2900,2895,2890,2880,2875,355,5421,8947,11344,695,880,903,703,116,11,29375,14247,1,
001000,091124,1522282284.2815552,2935,2940,2945,2950,2955,2960,2965,2970,2975,2980,505,1231,10,1111,1001,4446,1000,1005,1301,2637,2925,2920,2915,2910,2905,2900,2895,2890,2880,2875,355,5421,8947,11344,695,880,903,703,116,11,29375,14247,1,
001000,091133,1522282292.9776416,2935,2940,2945,2950,2955,2960,2965,2970,2975,2980,505,1221,10,1111,1001,4446,1000,1005,1301,2637,2925,2920,2915,2910,2905,2900,2895,2890,2880,2875,345,5421,8947,11344,695,880,903,703,116,11,29365,14237,1,
001000,091136,1522282295.9561415,2935,2940,2945,2950,2955,2960,2965,2970,2975,2980,505,1216,10,1111,1001,4446,1000,1005,1301,2637,2925,2920,2915,2910,2905,2900,2895,2890,2880,2875,340,5421,8947,11344,695,880,903,703,116,11,29360,14232,1,
001000,091140,1522282300.4427848,2935,2940,2945,2950,2955,2960,2965,2970,2975,2980,505,1216,10,1111,1001,4446,1000,1005,1301,2637,2925,2920,2915,2910,2905,2900,2895,2890,2880,2875,340,5426,8947,11344,695,880,903,703,116,11,29365,14232,1,
001000,091154,1522282314.2305539,2935,2940,2945,2950,2955,2960,2965,2970,2975,2980,505,1216,10,1111,1001,4446,1000,1005,1301,2637,2925,2920,2915,2910,2905,2900,2895,2890,2880,2875,840,5426,8947,11344,695,880,903,703,116,11,29865,14232,1,
001000,091205,1522282325.1810513,2935,2940,2945,2950,2955,2960,2965,2970,2975,2980,505,1216,10,1111,1001,4446,1000,1005,1301,2637,2925,2920,2915,2910,2905,2900,2895,2890,2880,2875,840,5426,8947,11344,695,880,801,703,116,11,29763,14232,1,
001000,091206,1522282326.0693684,2930,2935,2940,2945,2950,2955,2960,2965,2970,2975,1016,505,1216,10,1111,1001,4446,1000,1005,1301,2925,2920,2915,2910,2905,2900,2895,2890,2880,2875,840,5426,8947,11344,695,880,801,703,116,11,29763,12611,1,
001000,091208,1522282328.1425126,2930,2935,2940,2945,2950,2955,2960,2965,2970,2975,1174,377,1186,10,1111,1001,4446,1000,1005,1301,2925,2920,2915,2910,2905,2900,2895,2890,2880,2875,840,5426,8947,11344,695,880,801,703,116,11,29763,12611,1,
001000,091208,1522282328.598197,2930,2935,2940,2945,2950,2955,2960,2965,2970,2975,1174,377,1186,10,1111,1001,4446,1000,1005,1301,2925,2920,2915,2910,2905,2900,2895,2890,2880,2875,850,5416,8947,11344,695,880,801,703,116,11,29763,12611,1,
001000,091218,1522282337.8751523,2930,2935,2940,2945,2950,2955,2960,2965,2970,2975,1364,377,1186,10,1111,1001,4446,1000,1005,1301,2925,2920,2915,2910,2905,2900,2895,2890,2880,2875,850,5416,8947,11344,695,880,801,703,116,11,29763,12801,1,
001000,091219,1522282339.3834245,2930,2935,2940,2945,2950,2955,2960,2965,2970,2975,1364,377,1186,10,1111,1001,4446,1000,1005,1301,2925,2920,2915,2910,2905,2900,2895,2890,2880,2875,850,5416,8947,11344,395,880,801,703,116,311,29763,12801,1,
001000,091221,1522282340.9958527,2930,2935,2940,2945,2950,2955,2960,2965,2970,2975,1373,368,1186,10,1111,1001,4446,1000,1005,1301,2925,2920,2915,2910,2905,2900,2895,2890,2880,2875,850,5416,8947,11344,395,880,801,703,116,311,29763,12801,1,
001000,091229,1522282349.27935,2930,2935,2940,2945,2950,2955,2960,2965,2970,2975,1373,368,1186,10,1111,1001,4446,1000,1005,1301,2925,2920,2915,2910,2905,2900,2895,2890,2880,2875,850,5416,8947,11344,395,880,801,703,116,311,29763,12801,1,
001000,091232,1522282352.3269413,2930,2935,2940,2945,2950,2955,2960,2965,2970,2975,1373,368,1186,10,1111,1001,4446,1000,1005,1301,2925,2920,2915,2910,2905,2900,2895,2890,2880,2875,850,5416,8947,11344,397,880,801,703,116,311,29765,12801,1,
001000,091242,1522282362.144723,2930,2935,2940,2945,2950,2955,2960,2965,2970,2975,1373,368,1186,10,1111,1001,4446,1000,1005,1301,2925,2920,2915,2910,2905,2900,2895,2890,2880,2875,850,5416,8947,11344,397,880,801,703,116,414,29868,12801,1,
001000,091247,1522282367.6219804,2930,2935,2940,2945,2950,2955,2960,2965,2970,2975,1373,368,1186,10,1111,1001,4446,1000,1005,1301,2925,2920,2915,2910,2905,2900,2895,2890,2880,2875,850,5436,8947,11344,397,880,801,703,116,414,29888,12801,1,
001000,091255,1522282374.7006433,2930,2940,2945,2950,2955,2960,2965,2970,2975,2980,1373,1186,10,1111,1001,4446,1000,1005,1301,2637,2925,2920,2915,2910,2905,2900,2895,2890,2880,2875,850,5436,8947,11344,397,880,801,703,116,414,29888,15070,1,
001000,091255,1522282375.6550813,2930,2940,2945,2950,2955,2960,2965,2970,2975,2980,1363,1186,10,1111,1001,4446,1000,1005,1301,2637,2925,2920,2915,2910,2905,2900,2895,2890,2880,2875,850,5436,8947,11344,397,880,801,703,116,414,29888,15060,1,
001000,091259,1522282378.8048255,2930,2940,2945,2950,2955,2960,2965,2970,2975,2980,1363,1186,10,1111,1001,4446,1000,1005,1301,2637,2925,2920,2915,2910,2905,2900,2895,2890,2880,2875,850,5436,8947,11344,395,880,801,703,116,414,29886,15060,1,
001000,091300,1522282379.7532544,2930,2940,2945,2950,2955,2960,2965,2970,2975,2980,1363,1186,10,1111,1001,4446,1000,1005,1301,2637,2925,2920,2915,2910,2905,2900,2895,2890,2880,2875,1150,5436,8947,11344,395,880,801,703,116,414,30186,15060,1,
001000,091310,1522282390.1358945,2930,2940,2945,2950,2955,2960,2965,2970,2975,2980,1353,1186,10,1111,1001,4446,1000,1005,1301,2637,2925,2920,2915,2910,2905,2900,2895,2890,2880,2875,1150,5436,8947,11344,395,880,801,703,116,414,30186,15050,1,
001000,091310,1522282390.4072845,2925,2930,2940,2945,2950,2955,2960,2965,2970,2975,850,1353,1186,10,1111,1001,4446,1000,1005,1301,2920,2915,2910,2905,2900,2895,2890,2880,2875,2870,5436,8947,11344,395,880,801,703,116,414,101,29137,13263,1,
001000,091315,1522282395.413845,2925,2930,2940,2945,2950,2955,2960,2965,2970,2975,1001,1187,1186,10,1111,1001,4446,1000,1005,1301,2920,2915,2910,2905,2900,2895,2890,2880,2875,2870,5421,8947,11344,395,880,801,703,116,414,101,29122,13248,1,
001000,091316,1522282395.9246142,2925,2930,2940,2945,2950,2955,2960,2965,2970,2975,1001,1187,1186,10,1111,1001,4446,1000,1005,1301,2920,2915,2910,2905,2900,2895,2890,2880,2875,2870,5421,8947,11344,395,880,801,703,116,414,151,29172,13248,1,
001000,091320,1522282400.301207,2925,2930,2940,2945,2950,2955,2960,2965,2970,2975,1002,1186,1186,10,1111,1001,4446,1000,1005,1301,2920,2915,2910,2905,2900,2895,2890,2880,2875,2870,5421,8947,11344,395,880,801,703,116,414,151,29172,13248,1,
001000,091324,1522282403.893601,2925,2930,2940,2945,2950,2955,2960,2965,2970,2975,1002,1186,1186,10,1111,1001,4446,1000,1005,1301,2920,2915,2910,2905,2900,2895,2890,2880,2875,2870,5421,8947,11344,395,880,801,703,116,414,151,29172,13248,1,
001000,091325,1522282405.2486596,2925,2930,2940,2945,2950,2955,2960,2965,2970,2975,996,1186,1186,10,1111,1001,4446,1000,1005,1301,2920,2915,2910,2905,2900,2895,2890,2880,2875,2870,5415,8947,11344,395,880,801,703,116,414,151,29166,13242,1,
001000,091326,1522282406.0308378,2925,2930,2940,2945,2950,2955,2960,2965,2970,2975,1196,1186,1186,10,1111,1001,4446,1000,1005,1301,2920,2915,2910,2905,2900,2895,2890,2880,2875,2870,5415,8947,11344,395,880,801,703,116,414,151,29166,13442,1,
001000,091328,1522282408.2712128,2925,2930,2940,2945,2950,2955,2960,2965,2970,2975,1190,1186,1186,10,1111,1001,4446,1000,1005,1301,2920,2915,2910,2905,2900,2895,2890,2880,2875,2870,5409,8947,11344,395,880,801,703,116,414,151,29160,13436,1,
001000,091332,1522282412.2582185,2925,2930,2940,2945,2950,2955,2960,2965,2970,2975,1185,1186,1186,10,1111,1001,4446,1000,1005,1301,2920,2915,2910,2905,2900,2895,2890,2880,2875,2870,5404,8947,11344,395,880,801,703,116,414,151,29155,13431,1,
001000,091334,1522282414.1110094,2925,2930,2940,2945,2950,2955,2960,2965,2970,2975,1185,1186,1186,10,1111,1001,4446,1000,1005,1301,2920,2915,2910,2905,2900,2895,2890,2880,2875,2870,5404,8947,11344,395,900,801,703,116,414,151,29175,13431,1,
001000,091334,1522282414.2812662,2925,2930,2940,2945,2950,2955,2960,2965,2970,2975,1185,1186,1186,10,1111,1001,4446,1000,1005,1301,2920,2915,2910,2905,2900,2895,2890,2880,2875,2870,5383,8947,11344,395,900,801,703,116,414,151,29154,13431,1,
001000,091336,1522282416.2432034,2925,2930,2940,2945,2950,2955,2960,2965,2970,2975,1148,1186,1186,10,1111,1001,4446,1000,1005,1301,2920,2915,2910,2905,2900,2895,2890,2880,2875,2870,4344,8947,11344,395,900,801,703,116,414,151,28115,13394,1,
001000,091338,1522282418.4825943,2925,2930,2940,2945,2950,2955,2960,2965,2970,2975,1148,1186,1186,10,1111,1001,4446,1000,1005,1301,2920,2915,2910,2905,2900,2895,2890,2880,2875,2870,4350,8947,11344,395,900,801,703,116,414,151,28121,13394,1,
001000,091341,1522282421.3529184,2925,2930,2940,2945,2950,2955,2960,2965,2970,2975,1142,1186,1186,10,1111,1001,4446,1000,1005,1301,2920,2915,2910,2905,2900,2895,2890,2880,2875,2870,4344,8947,11344,395,900,801,703,116,414,151,28115,13388,1,
001000,091342,1522282422.4205265,2925,2930,2940,2945,2950,2955,2960,2965,2970,2975,1142,1186,1186,10,1111,1001,4446,1000,1005,1301,2920,2915,2910,2905,2900,2895,2890,2880,2875,2870,4344,8947,11344,396,900,801,703,116,414,151,28116,13388,1,
001000,091344,1522282424.2602978,2925,2930,2940,2945,2950,2955,2960,2965,2970,2975,1135,1186,1186,10,1111,1001,4446,1000,1005,1301,2920,2915,2910,2905,2900,2895,2890,2880,2875,2870,4337,8947,11344,396,900,801,703,116,414,151,28109,13381,1,
001000,091352,1522282432.2833748,2925,2930,2940,2945,2950,2955,2960,2965,2970,2975,1126,1186,1186,10,1111,1001,4446,1000,1005,1301,2920,2915,2910,2905,2900,2895,2890,2880,2875,2870,4328,8947,11344,396,900,801,703,116,414,151,28100,13372,1,
001000,091355,1522282435.0755897,2925,2930,2940,2945,2950,2955,2960,2965,2970,2975,1118,1186,1186,10,1111,1001,4446,1000,1005,1301,2920,2915,2910,2905,2900,2895,2890,2880,2875,2870,4328,8947,11344,396,900,801,703,116,414,151,28100,13364,1,
001000,091401,1522282441.4011183,2925,2930,2940,2945,2950,2955,2960,2965,2970,2975,1111,1186,1186,10,1111,1001,4446,1000,1005,1301,2920,2915,2910,2905,2900,2895,2890,2880,2875,2870,4321,8947,11344,396,900,801,703,116,414,151,28093,13357,1,
001000,091408,1522282447.8358114,2925,2930,2940,2945,2950,2955,2960,2965,2970,2975,1111,1186,1186,10,1111,1001,4446,1000,1005,1301,2920,2915,2910,2905,2900,2895,2890,2880,2875,2870,4321,8947,11344,396,1900,801,703,116,414,151,29093,13357,1,
001000,091408,1522282448.4046679,2925,2930,2940,2945,2950,2955,2960,2965,2970,2975,1100,1186,1186,10,1111,1001,4446,1000,1005,1301,2920,2915,2910,2905,2900,2895,2890,2880,2875,2870,4310,8947,11344,396,1900,801,703,116,414,151,29082,13346,1,
001000,091408,1522282448.57192,2925,2930,2940,2945,2950,2955,2960,2965,2970,2975,1100,1186,1186,10,1111,1001,4446,1000,1005,1301,2920,2915,2910,2905,2900,2895,2890,2880,2875,2870,4310,8947,11244,396,1900,801,703,116,414,151,28982,13346,1,
001000,091409,1522282448.7391717,2925,2930,2940,2945,2950,2955,2960,2965,2970,2975,1100,1186,1186,10,1111,1001,4446,1000,1005,1301,2920,2915,2910,2905,2900,2895,2890,2880,2875,2870,4410,8947,11244,396,1900,801,703,116,414,151,29082,13346,1,
001000,091411,1522282451.102732,2925,2930,2940,2945,2950,2955,2960,2965,2970,2975,1100,1186,1186,10,1111,1001,4446,1000,1005,1301,2920,2915,2910,2905,2900,2895,2890,2880,2875,2870,4420,8947,11244,396,1900,801,703,116,414,151,29092,13346,1,
001000,091415,1522282454.9054601,2925,2930,2940,2945,2950,2955,2960,2965,2970,2975,1100,1186,1186,10,1111,1001,4446,1000,1005,1301,2920,2915,2910,2905,2900,2895,2890,2880,2875,2870,4420,9047,11244,396,1900,801,703,116,414,151,29192,13346,1,
001000,091417,1522282457.203904,2925,2930,2940,2945,2950,2955,2960,2965,2970,2975,1100,1186,1186,10,1111,1001,4446,1000,1005,1301,2920,2915,2910,2905,2900,2895,2890,2880,2875,2870,4420,9047,11244,396,1900,801,703,116,414,151,29192,13346,1,
001000,091418,1522282458.0381796,2925,2930,2940,2945,2950,2955,2960,2965,2970,2975,1100,1186,1186,10,1111,1001,4446,1000,1005,1301,2920,2915,2910,2905,2900,2895,2890,2880,2875,2870,4420,9047,11244,396,1900,801,703,116,414,151,29192,13346,1,
001000,091420,1522282460.329631,2925,2930,2940,2945,2950,2955,2960,2965,2970,2975,1087,1186,1186,10,1111,1001,4446,1000,1005,1301,2920,2915,2910,2905,2900,2895,2890,2880,2875,2870,4407,9047,11244,396,1900,801,703,116,414,151,29179,13333,1,
001000,091421,1522282461.0126512,2925,2930,2940,2945,2950,2955,2960,2965,2970,2975,1087,1186,1186,10,1111,1001,4446,1000,1005,1301,2920,2915,2910,2905,2900,2895,2890,2880,2875,2870,4407,9047,11344,396,1900,801,703,116,414,151,29279,13333,1,
001000,091423,1522282463.3501813,2925,2930,2940,2945,2950,2955,2960,2965,2970,2975,1087,1186,1186,10,1111,1001,4446,1000,1005,1301,2920,2915,2910,2905,2900,2895,2890,2880,2875,2870,4407,9047,11344,396,1900,801,703,116,414,151,29279,13333,1,
001000,091427,1522282466.9996786,2925,2930,2940,2945,2950,2955,2960,2965,2970,2975,1087,1186,1186,10,1111,1001,4446,1000,1005,1301,2920,2915,2910,2905,2900,2895,2890,2880,2875,2870,4407,9047,11344,496,1900,801,703,116,414,151,29379,13333,1,
001000,091427,1522282467.5034378,2925,2930,2940,2945,2950,2955,2960,2965,2970,2975,1087,1186,1186,10,1111,1001,4446,1000,1005,1301,2920,2915,2910,2905,2900,2895,2890,2880,2875,2870,4407,9052,11344,496,1900,801,703,116,414,151,29384,13333,1,
001000,091428,1522282468.345706,2925,2930,2940,2945,2950,2955,2960,2965,2970,2975,1079,1186,1186,10,1111,1001,4446,1000,1005,1301,2920,2915,2910,2905,2900,2895,2890,2880,2875,2870,4399,9052,11344,496,1900,801,703,116,414,151,29376,13325,1,
001000,091432,1522282472.3777802,2925,2930,2940,2945,2950,2955,2960,2965,2970,2975,1079,1186,1186,210,1111,1001,4446,1000,1005,1301,2920,2915,2910,2905,2900,2895,2890,2880,2875,2870,4399,9052,11344,496,1900,801,703,116,414,151,29376,13525,1,
001000,091433,1522282472.9937077,2925,2930,2940,2945,2950,2955,2960,2965,2970,2975,1079,1186,1186,210,1111,1001,4446,1000,1005,1301,2920,2915,2910,2905,2900,2895,2890,2880,2875,2870,4399,9052,11344,496,2000,801,703,116,414,151,29476,13525,1,
001000,091433,1522282473.4433675,2925,2930,2940,2945,2950,2955,2960,2965,2970,2975,1070,1186,1186,210,1111,1001,4446,1000,1005,1301,2920,2915,2910,2905,2900,2895,2890,2880,2875,2870,4390,9052,11344,496,2000,801,703,116,414,151,29467,13516,1,
001000,091436,1522282476.0843635,2925,2930,2940,2945,2950,2955,2960,2965,2970,2975,1070,1186,1186,210,1111,1001,4446,1000,1005,1301,2920,2915,2910,2905,2900,2895,2890,2880,2875,2870,4690,9052,11344,496,2000,801,703,116,414,151,29767,13516,1,
001000,091439,1522282479.0558395,2925,2930,2940,2945,2950,2955,2960,2965,2970,2975,1070,1186,1186,210,1111,1001,4446,1000,1005,1301,2920,2915,2910,2905,2900,2895,2890,2880,2875,2870,4690,9052,11344,496,2000,801,703,116,414,151,29767,13516,1,
001000,091443,1522282483.4188647,2925,2930,2940,2945,2950,2955,2960,2965,2970,2975,1061,1186,1186,210,1111,1001,4446,1000,1005,1301,2920,2915,2910,2905,2900,2895,2890,2880,2875,2870,4681,9052,11344,496,2000,801,703,116,414,151,29758,13507,1,
001000,091445,1522282485.1064172,2925,2930,2940,2945,2950,2955,2960,2965,2970,2975,1061,1186,1186,210,1111,1001,4446,1000,1005,1301,2920,2915,2910,2905,2900,2895,2890,2880,2875,2870,4681,9052,11344,496,2000,801,703,116,414,152,29759,13507,1,
001000,091447,1522282487.1314662,2925,2930,2940,2945,2950,2955,2960,2965,2970,2975,1061,1186,1186,210,1111,1001,4446,1000,1005,1301,2920,2915,2910,2905,2900,2895,2890,2880,2875,2870,4681,9052,11344,496,2000,801,703,116,414,152,29759,13507,1,
001000,091455,1522282495.4468725,2925,2930,2940,2945,2950,2955,2960,2965,2970,2975,1048,1186,1186,210,1111,1001,4446,1000,1005,1301,2920,2915,2910,2905,2900,2895,2890,2880,2875,2870,4668,9052,11344,496,2000,801,703,116,414,152,29746,13494,1,
001000,091456,1522282495.728294,2925,2930,2940,2945,2950,2955,2960,2965,2970,2975,1048,1193,1186,210,1111,1001,4446,1000,1005,1301,2920,2915,2910,2905,2900,2895,2890,2880,2875,2870,4668,9052,11344,496,2000,801,703,116,414,152,29746,13501,1,
001000,091456,1522282496.2360406,2925,2930,2940,2945,2950,2955,2960,2965,2970,2975,1048,1193,1186,210,1111,1001,4446,1000,1005,1301,2920,2915,2910,2905,2900,2895,2890,2880,2875,2870,4698,9052,11344,496,2000,801,703,116,414,152,29776,13501,1,
001000,091500,1522282500.561557,2925,2930,2940,2945,2950,2955,2960,2965,2970,2975,1042,1193,1186,210,1111,1001,4446,1000,1005,1301,2920,2915,2910,2905,2900,2895,2890,2880,2875,2870,4692,9052,11344,496,2000,801,703,116,414,152,29770,13495,1,
001000,091501,1522282500.955168,2925,2930,2940,2945,2950,2955,2960,2965,2970,2975,1042,1193,1186,210,1111,1001,4446,1000,1005,1301,2920,2915,2910,2905,2900,2895,2890,2880,2875,2870,4692,9052,11344,496,2000,801,703,116,414,152,29770,13495,1,
001000,091513,1522282512.9722679,2925,2930,2940,2945,2950,2955,2960,2965,2970,2975,1042,1193,1186,210,1111,1001,4446,1000,1005,1301,2920,2915,2910,2905,2900,2895,2890,2880,2875,2870,4692,9052,11344,496,2000,801,703,116,414,152,29770,13495,1,
001000,091519,1522282519.2387092,2925,2930,2940,2945,2950,2955,2960,2965,2970,2975,1042,1193,1186,210,1111,1001,4446,1000,1005,1301,2915,2910,2905,2900,2895,2890,2880,2875,2870,2865,5946,11344,496,2000,801,703,116,414,152,341,22313,13495,1,
001000,091527,1522282526.9052577,2925,2930,2940,2945,2950,2955,2960,2965,2970,2975,1042,1193,1186,210,1111,1001,4446,1000,1005,1301,2915,2910,2905,2900,2895,2890,2880,2875,2870,2865,5578,11344,496,2000,801,703,116,414,152,341,21945,13495,1,
001000,091529,1522282529.4811382,2925,2930,2940,2945,2950,2955,2960,2965,2970,2975,1042,1193,1186,210,1111,1001,4446,1000,1005,1301,2915,2910,2905,2900,2895,2890,2880,2875,2870,2865,5578,11344,496,2000,801,703,116,414,152,341,21945,13495,1,
001000,091531,1522282531.3919995,2925,2930,2940,2945,2950,2955,2960,2965,2970,2975,1042,1193,1186,210,1111,1001,4446,1000,1005,1301,2915,2910,2905,2900,2895,2890,2880,2875,2870,2865,5628,11344,496,2000,801,703,116,414,152,341,21995,13495,1,
001000,091542,1522282541.8407474,2925,2930,2940,2945,2950,2955,2960,2965,2970,2975,1042,1193,1186,210,1111,1001,4446,1000,1005,1301,2915,2910,2905,2900,2895,2890,2880,2875,2870,2865,5628,11344,496,2000,801,703,116,414,152,341,21995,13495,1,
001000,091553,1522282553.189852,2925,2930,2940,2945,2950,2955,2960,2965,2970,2975,1042,1193,1186,210,1111,1001,4446,1000,1005,1301,2915,2910,2905,2900,2895,2890,2880,2875,2870,2865,7128,11344,496,2000,801,703,116,414,152,341,23495,13495,1,
001000,091602,1522282561.9730642,2925,2930,2940,2945,2950,2955,2960,2965,2970,2975,1042,1193,1186,210,1111,1001,4446,1000,1005,1301,2920,2915,2910,2905,2900,2895,2890,2880,2875,2870,1000,7128,11344,496,2000,801,703,116,414,152,24154,13495,1,
001000,091612,1522282571.7808585,2925,2930,2940,2945,2950,2955,2960,2965,2970,2975,1042,1193,1186,10,1111,1001,4446,1000,1005,1301,2920,2915,2910,2905,2900,2895,2890,2880,2875,2870,1000,7128,11344,496,2000,801,703,116,414,152,24154,13295,1,
001000,091613,1522282573.6186073,2925,2930,2940,2945,2950,2955,2960,2965,2970,2975,1042,1193,1186,10,1111,1001,4446,1000,1005,1301,2920,2915,2910,2905,2900,2895,2890,2880,2875,2870,1005,7128,11344,496,2000,801,703,116,414,152,24159,13295,1,
001000,091622,1522282582.4759562,2925,2930,2940,2945,2950,2955,2960,2965,2970,2975,1142,1193,1186,10,1111,1001,4446,1000,1005,1301,2920,2915,2910,2905,2900,2895,2890,2880,2875,2870,1005,7128,11344,496,2000,801,703,116,414,152,24159,13395,1,
001000,091637,1522282596.7384512,2925,2930,2940,2945,2950,2955,2960,2965,2970,2975,1142,1193,1186,10,1111,1001,4446,1000,1005,1301,2920,2915,2910,2905,2900,2895,2890,2880,2875,2870,1009,7128,11344,496,2000,801,703,116,414,152,24163,13395,1,
001000,091700,1522282620.324981,2925,2930,2940,2945,2950,2955,2960,2965,2970,2975,1142,1193,1186,10,1111,1001,4446,1000,1005,1301,2920,2915,2910,2905,2900,2895,2890,2880,2875,2870,783,7128,11344,496,2000,801,703,116,414,152,23937,13395,1,
001000,091710,1522282630.4292018,2925,2930,2940,2945,2950,2955,2960,2965,2970,2975,1142,1193,1186,10,1111,1001,4446,1000,1005,1301,2920,2915,2910,2905,2900,2895,2890,2880,2875,2870,779,7128,11344,496,2000,801,703,116,414,152,23933,13395,1,
001000,091712,1522282632.503326,2925,2930,2940,2945,2950,2955,2960,2965,2970,2975,1142,1193,1186,10,1111,1001,4446,1000,1005,1301,2920,2915,2910,2905,2900,2895,2890,2880,2875,2870,1779,7128,11344,496,2000,801,703,116,414,152,24933,13395,1,
001000,091713,1522282632.9029279,2925,2930,2940,2945,2950,2955,2960,2965,2970,2975,1142,1193,1186,10,1111,1001,4446,1000,1005,1301,2920,2915,2910,2905,2900,2895,2890,2880,2875,2870,1779,7133,11344,496,2000,801,703,116,414,152,24938,13395,1,
001000,091713,1522282633.237414,2925,2930,2940,2945,2950,2955,2960,2965,2970,2975,1142,1193,1186,10,1111,1001,4446,1000,1005,1301,2920,2915,2910,2905,2900,2895,2890,2880,2875,2870,1779,7308,11344,496,2000,801,703,116,414,152,25113,13395,1,
001000,091717,1522282636.71467,2925,2930,2940,2945,2950,2955,2960,2965,2970,2975,1142,1193,1186,10,1111,1001,4446,1000,1005,1301,2920,2915,2910,2905,2900,2895,2890,2880,2875,2870,1779,7318,11344,496,2000,801,703,116,414,152,25123,13395,1,
001000,091718,1522282638.505367,2925,2930,2940,2945,2950,2955,2960,2965,2970,2975,1142,1193,1186,10,1111,1001,4446,1000,1005,1301,2920,2915,2910,2905,2900,2895,2890,2880,2875,2870,2279,7318,11344,496,1500,801,703,116,414,152,25123,13395,1,
001000,091729,1522282648.7337563,2925,2930,2940,2945,2950,2955,2960,2965,2970,2975,1142,1193,1186,10,1111,1001,4446,1000,1005,1301,2920,2915,2910,2905,2900,2895,2890,2880,2875,2870,2279,7342,11344,496,1500,801,703,116,414,152,25147,13395,1,
001000,091734,1522282654.1088626,2925,2930,2940,2945,2950,2955,2960,2965,2970,2975,1142,1193,1186,10,1111,1001,4446,1000,1005,1301,2920,2915,2910,2905,2900,2895,2890,2880,2875,2870,2279,7342,11344,496,1500,801,703,116,414,152,25147,13395,1,
001000,091734,1522282654.6106184,2925,2930,2940,2945,2950,2955,2960,2965,2970,2975,1142,1193,1186,10,1111,1001,4446,1000,1005,1301,2920,2915,2910,2905,2900,2895,2890,2880,2875,2870,2289,7342,11344,496,1500,801,703,116,414,152,25157,13395,1,
001000,091743,1522282662.6867929,2925,2930,2940,2945,2950,2955,2960,2965,2970,2975,1142,1193,1186,10,1111,1001,4446,1000,1005,1301,2920,2915,2910,2905,2900,2895,2890,2880,2875,2870,2289,7392,11344,496,1500,801,703,116,414,152,25207,13395,1,
001000,091801,1522282681.6443498,2925,2930,2940,2945,2950,2955,2960,2965,2970,2975,1142,1193,1186,10,1111,1001,4446,1000,1005,1301,2920,2915,2910,2905,2900,2895,2890,2880,2875,2870,2289,7392,11344,496,1515,801,703,116,414,152,25222,13395,1,
001000,091804,1522282683.717473,2925,2930,2940,2945,2950,2955,2960,2965,2970,2975,1142,1193,1186,10,1111,1001,4446,1000,1005,1301,2920,2915,2910,2905,2900,2895,2890,2880,2875,2870,2294,7393,11344,496,1515,801,703,116,414,152,25228,13395,1,
001000,091813,1522282692.6679466,2925,2930,2940,2945,2950,2955,2960,2965,2970,2975,1142,1193,1186,10,1111,1001,4446,1000,1005,1301,2920,2915,2910,2905,2900,2895,2890,2880,2875,2870,2294,7393,11429,496,1515,801,703,116,414,152,25313,13395,1,
001000,091814,1522282694.4746764,2925,2930,2940,2945,2950,2955,2960,2965,2970,2975,1142,1193,1186,10,1111,1001,4446,1000,1005,1301,2920,2915,2910,2905,2900,2895,2890,2880,2875,2870,2294,7393,11429,496,1515,801,703,116,414,152,25313,13395,1,
001000,091826,1522282705.8718257,2925,2930,2940,2945,2950,2955,2960,2965,2970,2975,1142,1193,1186,10,1111,1001,4446,1000,1005,1301,2920,2915,2910,2905,2900,2895,2890,2880,2875,2870,2294,7393,11479,496,1515,801,703,116,414,152,25363,13395,1,
001000,091826,1522282706.2123575,2925,2930,2940,2945,2950,2955,2960,2965,2970,2975,1142,1193,1186,10,1111,1001,4446,1000,1005,1301,2920,2915,2910,2905,2900,2895,2890,2880,2875,2870,2294,8393,11479,496,1515,801,703,116,414,152,26363,13395,1,
001000,091830,1522282710.2474363,2930,2940,2945,2950,2955,2960,2965,2970,2975,2980,1193,1186,10,1111,1001,4446,1000,1005,1301,2637,2925,2920,2915,2910,2905,2900,2895,2890,2880,2875,258,2294,8393,11479,496,1515,801,703,116,414,26469,14890,1,
001000,091834,1522282713.6655867,2930,2940,2945,2950,2955,2960,2965,2970,2975,2980,1193,1186,10,1111,1001,4446,1000,1005,1301,2637,2925,2920,2915,2910,2905,2900,2895,2890,2880,2875,268,2290,8387,11479,496,1515,801,703,116,414,26469,14890,1,
001000,091834,1522282713.83484,2930,2940,2945,2950,2955,2960,2965,2970,2975,2980,1193,1186,10,1111,1001,4446,1000,1005,1301,2637,2925,2920,2915,2910,2905,2900,2895,2890,2880,2875,234,2290,8387,11479,496,1515,801,703,116,414,26435,14890,1,
001000,091835,1522282715.0676968,2930,2940,2945,2950,2955,2960,2965,2970,2975,2980,1193,1186,10,1111,1001,4446,1000,1005,1301,2637,2925,2920,2915,2910,2905,2900,2895,2890,2880,2875,234,2879,8387,11479,496,1515,801,703,116,414,27024,14890,1,
001000,091835,1522282715.5103452,2930,2940,2945,2950,2955,2960,2965,2970,2975,2980,1193,1186,10,1111,1001,4446,1000,1005,1301,2637,2925,2920,2915,2910,2905,2900,2895,2890,2880,2875,234,2879,8487,11479,496,1515,801,703,116,414,27124,14890,1,
001000,091844,1522282724.3616972,2930,2940,2945,2950,2955,2960,2965,2970,2975,2980,1220,1186,10,1111,1001,4446,1000,1005,1301,2637,2925,2920,2915,2910,2905,2900,2895,2890,2880,2875,234,2879,8487,11479,496,1515,801,703,116,414,27124,14917,1,
001000,091851,1522282731.3201792,2930,2940,2945,2950,2955,2960,2965,2970,2975,2980,1220,1186,10,1111,1001,4446,1000,1005,1301,2637,2925,2920,2915,2910,2905,2900,2895,2890,2880,2875,234,2879,10487,11479,496,1515,801,703,116,414,29124,14917,1,
001000,091902,1522282742.2376058,2930,2940,2945,2950,2955,2960,2965,2970,2975,2980,1220,1186,110,1111,1001,4446,1000,1005,1301,2637,2925,2920,2915,2910,2905,2900,2895,2890,2880,2875,234,2879,10487,11479,496,1515,801,703,116,414,29124,15017,1,
001000,091907,1522282746.8425615,2930,2940,2945,2950,2955,2960,2965,2970,2975,2980,1220,1186,110,1111,1001,4446,1000,1005,1301,2637,2925,2920,2915,2910,2905,2900,2895,2890,2880,2875,434,2879,10487,11479,496,1515,801,703,116,414,29324,15017,1,
001000,091907,1522282747.2912374,2930,2940,2945,2950,2955,2960,2965,2970,2975,2980,1220,1186,110,1111,1001,4446,1000,1005,1301,2637,2925,2920,2915,2910,2905,2900,2895,2890,2880,2875,210,2879,10487,11479,496,1515,801,703,116,414,29100,15017,1,
001000,091911,1522282751.0478961,2930,2940,2945,2950,2955,2960,2965,2970,2975,2980,1220,1186,110,1111,1001,4446,1000,1005,1301,2637,2925,2920,2915,2910,2905,2900,2895,2890,2880,2875,210,2879,10487,11479,496,1515,801,703,116,414,29100,15017,1,
001000,091911,1522282751.3262992,2930,2940,2945,2950,2955,2960,2965,2970,2975,2980,76,1186,110,1111,1001,4446,1000,1005,1301,2637,2925,2920,2915,2910,2905,2900,2895,2890,2880,2875,210,2879,10487,11479,496,1515,801,703,116,414,29100,13873,1,
001000,091912,1522282752.5141046,2930,2940,2945,2950,2955,2960,2965,2970,2975,2980,98,1186,110,1111,1001,4446,1000,1005,1301,2637,2925,2920,2915,2910,2905,2900,2895,2890,2880,2875,198,2879,10487,11479,496,1515,801,703,116,414,29088,13895,1,
001000,091916,1522282756.0414093,2940,2945,2950,2955,2960,2965,2970,2975,2980,2990,1186,110,1111,1001,4446,1000,1005,1301,2637,10,2930,2925,2920,2915,2910,2905,2900,2895,2890,2880,902,198,2879,10487,11479,496,1515,801,703,116,29576,13807,1,
001000,091917,1522282757.5066252,2940,2945,2950,2955,2960,2965,2970,2975,2980,2990,1237,110,1111,1001,4446,1000,1005,1301,2637,10,2930,2925,2920,2915,2910,2905,2900,2895,2890,2880,902,198,2879,10487,11479,496,1515,801,703,116,29576,13858,1,
001000,091918,1522282757.8952105,2940,2945,2950,2955,2960,2965,2970,2975,2980,2990,1237,110,1111,1001,4446,1000,1005,1301,2637,10,2925,2920,2915,2910,2905,2900,2895,2890,2880,2875,198,2879,10487,11479,496,1515,801,703,116,414,29088,13858,1,
001000,091919,1522282759.3584144,2940,2945,2950,2955,2960,2965,2970,2975,2980,2990,1237,110,1111,1001,4446,1000,1005,1301,2637,10,2925,2920,2915,2910,2905,2900,2895,2890,2880,2875,198,2879,10487,11479,296,1515,801,703,116,414,28888,13858,1,
001000,091922,1522282762.0033815,2940,2945,2950,2955,2960,2965,2970,2975,2980,2990,1237,110,1611,1001,4446,1000,1005,1301,2137,10,2925,2920,2915,2910,2905,2900,2895,2890,2880,2875,198,2879,10487,11479,296,1515,801,703,116,414,28888,13858,1,
001000,091923,1522282762.89374,2940,2945,2950,2955,2960,2965,2970,2975,2980,2990,1237,110,1611,1001,4446,1000,1005,1301,2137,10,2925,2920,2915,2910,2905,2900,2895,2890,2880,2875,198,2879,10489,11479,296,1515,801,703,116,414,28890,13858,1,
001000,091923,1522282763.1190708,2940,2945,2950,2955,2960,2965,2970,2975,2980,2990,1237,110,1611,1001,4446,1000,1005,1301,2137,10,2925,2920,2915,2910,2905,2900,2895,2890,2880,2875,198,2879,10489,11479,296,1515,801,703,116,414,28890,13858,1,
001000,091925,1522282765.35645,2940,2945,2950,2955,2960,2965,2970,2975,2980,2990,1237,110,1611,1001,4446,1000,1005,1301,2137,10,2925,2920,2915,2910,2905,2900,2895,2890,2880,2875,597,2879,10489,11479,296,1515,801,703,116,414,29289,13858,1,
001000,091925,1522282765.6488907,2940,2945,2950,2955,2960,2965,2970,2975,2980,2990,1237,110,1611,1001,4446,1000,1005,1301,2137,10,2930,2925,2920,2915,2910,2905,2900,2895,2890,2880,1,597,2879,10489,11479,296,1515,801,703,116,28876,13858,1,
001000,091930,1522282770.5683007,2940,2945,2950,2955,2960,2965,2970,2975,2980,2990,1237,110,1611,1001,4446,1000,1005,1301,2137,10,2925,2920,2915,2910,2905,2900,2895,2890,2880,2875,597,2879,10489,11479,296,1515,801,703,116,414,29289,13858,1,
001000,091931,1522282770.9769063,2930,2940,2945,2950,2955,2960,2965,2970,2975,2980,100,1237,110,1511,1001,4446,1000,1005,1301,2137,2925,2920,2915,2910,2905,2900,2895,2890,2880,2875,597,2879,10489,11479,296,1515,801,703,116,414,29289,13848,1,
001000,091931,1522282771.5908434,2930,2940,2945,2950,2955,2960,2965,2970,2975,2980,107,1186,110,1511,1001,4446,1000,1005,1301,2137,2925,2920,2915,2910,2905,2900,2895,2890,2880,2875,597,2879,10489,11479,296,1515,801,703,116,414,29289,13804,1,
001000,091932,1522282771.7590942,2930,2940,2945,2950,2955,2960,2965,2970,2975,2980,107,1186,110,1511,1001,4446,1000,1005,1301,2137,2925,2920,2915,2910,2905,2900,2895,2890,2880,2875,597,2889,10489,11479,296,1515,801,703,116,414,29299,13804,1,
001000,091932,1522282772.6013632,2930,2940,2945,2950,2955,2960,2965,2970,2975,2980,106,1186,110,1511,1001,4446,1000,1005,1301,2137,2925,2920,2915,2910,2905,2900,2895,2890,2880,2875,597,2889,10489,11479,296,1515,801,703,116,414,29299,13803,1,
001000,091933,1522282772.8277044,2930,2940,2945,2950,2955,2960,2965,2970,2975,2980,105,1186,110,1511,1001,4446,1000,1005,1301,2137,2925,2920,2915,2910,2905,2900,2895,2890,2880,2875,597,2889,10489,11479,296,1515,801,703,116,414,29299,13802,1,
001000,091933,1522282773.0440297,2930,2940,2945,2950,2955,2960,2965,2970,2975,2980,104,1186,110,1511,1001,4446,1000,1005,1301,2137,2925,2920,2915,2910,2905,2900,2895,2890,2880,2875,597,2889,10489,11479,296,1515,801,703,116,414,29299,13801,1,
001000,091933,1522282773.2713723,2930,2940,2945,2950,2955,2960,2965,2970,2975,2980,103,1186,110,1511,1001,4446,1000,1005,1301,2137,2925,2920,2915,2910,2905,2900,2895,2890,2880,2875,597,2889,10489,11479,296,1515,801,703,116,414,29299,13800,1,
001000,091933,1522282773.553798,2930,2940,2945,2950,2955,2960,2965,2970,2975,2980,102,1186,110,1511,1001,4446,1000,1005,1301,2137,2925,2920,2915,2910,2905,2900,2895,2890,2880,2875,597,2889,10489,11479,296,1515,801,703,116,414,29299,13799,1,
001000,091935,1522282775.0580635,2940,2945,2950,2955,2960,2965,2970,2975,2980,2990,1186,110,1511,1001,4446,1000,1005,1301,2137,10,2925,2920,2915,2910,2905,2900,2895,2890,2880,2875,597,2889,10489,11479,296,1515,801,703,116,414,29299,13707,1,
001000,091935,1522282775.2303045,2940,2945,2950,2955,2960,2965,2970,2975,2980,2990,1186,110,1511,1001,4446,1000,1005,1301,2137,10,2925,2920,2915,2910,2905,2900,2895,2890,2880,2875,525,2889,10489,11479,296,1515,801,703,116,414,29227,13707,1,
001000,091935,1522282775.394571,2940,2945,2950,2955,2960,2965,2970,2975,2980,2990,1186,110,1511,1001,4446,1000,1005,1301,2137,10,2930,2925,2920,2915,2910,2905,2900,2895,2890,2880,100,525,2889,10489,11479,296,1515,801,703,116,28913,13707,1,
001000,091936,1522282776.6284113,2940,2945,2950,2955,2960,2965,2970,2975,2980,2990,1244,110,1511,1001,4446,1000,1005,1301,2137,10,2930,2925,2920,2915,2910,2905,2900,2895,2890,2880,100,525,2889,10489,11479,296,1515,801,703,116,28913,13765,1,
001000,091941,1522282781.571876,2940,2945,2950,2955,2960,2965,2970,2975,2980,2990,1244,110,1511,1001,4446,1000,1005,1301,2137,10,2925,2920,2915,2910,2905,2900,2895,2890,2880,2875,446,2889,10489,11479,296,1515,801,703,116,414,29148,13765,1,
001000,091942,1522282781.733119,2940,2945,2950,2955,2960,2965,2970,2975,2980,2990,1256,110,1511,1001,4446,1000,1005,1301,2137,10,2925,2920,2915,2910,2905,2900,2895,2890,2880,2875,446,2889,10489,11479,296,1515,801,703,116,414,29148,13777,1,
001000,091944,1522282783.6800518,2940,2945,2950,2955,2960,2965,2970,2975,2980,2990,1256,110,1511,1001,4446,1000,1005,1301,2137,10,2930,2925,2920,2915,2910,2905,2900,2895,2890,2880,1,446,2889,10489,11479,296,1515,801,703,116,28735,13777,1,
001000,091944,1522282784.6274788,2940,2945,2950,2955,2960,2965,2970,2975,2980,2990,1256,110,1511,1001,4446,1000,1005,1301,2137,10,2925,2920,2915,2910,2905,2900,2895,2890,2880,2875,446,2889,10489,11479,296,1515,801,703,116,414,29148,13777,1,
001000,091945,1522282785.2394006,2940,2945,2950,2955,2960,2965,2970,2975,2980,2990,1256,110,1511,1001,4446,1000,1005,1301,2137,10,2930,2925,2920,2915,2910,2905,2900,2895,2890,2880,1,446,2889,10489,11479,296,1515,801,703,116,28735,13777,1,
001000,091946,1522282785.6880767,2940,2945,2950,2955,2960,2965,2970,2975,2980,2990,1256,110,1511,1001,4446,1000,1005,1301,2137,10,2925,2920,2915,2910,2905,2900,2895,2890,2880,2875,446,2889,10489,11479,296,1515,801,703,116,414,29148,13777,1,
001000,091946,1522282786.1998475,2940,2945,2950,2955,2960,2965,2970,2975,2980,2990,1256,110,1511,1001,4446,1000,1005,1301,2137,10,2930,2925,2920,2915,2910,2905,2900,2895,2890,2880,1,446,2889,10489,11479,296,1515,801,703,116,28735,13777,1,
001000,091946,1522282786.4752624,2940,2945,2950,2955,2960,2965,2970,2975,2980,2990,1256,110,1111,1001,4446,1000,1005,1301,2537,10,2930,2925,2920,2915,2910,2905,2900,2895,2890,2880,1,446,2889,10489,11479,296,1515,801,703,116,28735,13777,1,
001000,091946,1522282786.6345024,2940,2945,2950,2955,2960,2965,2970,2975,2980,2990,1256,110,1111,1001,4446,1000,1005,1301,2537,10,2925,2920,2915,2910,2905,2900,2895,2890,2880,2875,446,2889,10489,11479,296,1515,801,703,116,414,29148,13777,1,
001000,091947,1522282786.7466712,2940,2945,2950,2955,2960,2965,2970,2975,2980,2990,1256,110,1111,1001,4446,1000,1005,1301,2537,10,2930,2925,2920,2915,2910,2905,2900,2895,2890,2880,1,446,2889,10489,11479,296,1515,801,703,116,28735,13777,1,
001000,091947,1522282787.311522,2940,2945,2950,2955,2960,2965,2970,2975,2980,2990,1256,110,1111,1001,4446,1000,1005,1301,2537,10,2930,2925,2920,2915,2910,2905,2900,2895,2890,2880,2,446,2889,10489,11479,296,1515,801,703,116,28736,13777,1,
001000,091948,1522282787.7481794,2940,2945,2950,2955,2960,2965,2970,2975,2980,2990,1256,110,1111,1001,4446,1000,1005,1301,2537,10,2925,2920,2915,2910,2905,2900,2895,2890,2880,2875,446,2889,10489,11479,296,1515,801,703,116,414,29148,13777,1,
