000250,085332,1522281212.1870248,39250,39300,39350,0,0,0,0,0,0,0,440,2864,5,0,0,0,0,0,0,0,39050,39000,38850,0,0,0,0,0,0,0,2,330,2,0,0,0,0,0,0,0,0,0,3,
000250,085334,1522281213.7391295,39250,39300,39350,0,0,0,0,0,0,0,440,2864,5,0,0,0,0,0,0,0,39050,39000,38850,0,0,0,0,0,0,0,2,330,2,0,0,0,0,0,0,0,0,0,3,
000250,085339,1522281219.3548675,39250,39300,39350,0,0,0,0,0,0,0,340,2864,5,0,0,0,0,0,0,0,39050,39000,38850,0,0,0,0,0,0,0,2,330,2,0,0,0,0,0,0,0,0,0,3,
000250,085341,1522281220.9148047,39250,39300,39350,0,0,0,0,0,0,0,340,2864,5,0,0,0,0,0,0,0,39050,39000,38850,0,0,0,0,0,0,0,2,330,2,0,0,0,0,0,0,0,0,0,3,
000250,085342,1522281222.35534,39250,39300,39350,0,0,0,0,0,0,0,340,2864,5,0,0,0,0,0,0,0,39050,39000,38850,0,0,0,0,0,0,0,2,330,2,0,0,0,0,0,0,0,0,0,3,
000250,085343,1522281222.8908906,39250,39300,39350,0,0,0,0,0,0,0,340,2864,5,0,0,0,0,0,0,0,39050,39000,38850,0,0,0,0,0,0,0,12,330,2,0,0,0,0,0,0,0,0,0,3,
000250,085344,1522281224.1736782,39250,39300,39350,0,0,0,0,0,0,0,340,2864,5,0,0,0,0,0,0,0,39050,39000,38850,0,0,0,0,0,0,0,12,330,2,0,0,0,0,0,0,0,0,0,3,
000250,085355,1522281235.1897507,39250,39300,39350,0,0,0,0,0,0,0,340,2864,5,0,0,0,0,0,0,0,39050,39000,38850,0,0,0,0,0,0,0,12,330,2,0,0,0,0,0,0,0,0,0,3,
000250,085356,1522281236.308554,39250,39300,39350,0,0,0,0,0,0,0,340,2864,5,0,0,0,0,0,0,0,39050,39000,38850,0,0,0,0,0,0,0,12,330,2,0,0,0,0,0,0,0,0,0,3,
000250,085358,1522281238.1308568,39250,39300,39350,0,0,0,0,0,0,0,339,2864,5,0,0,0,0,0,0,0,39050,39000,38850,0,0,0,0,0,0,0,12,330,2,0,0,0,0,0,0,0,0,0,3,
000250,085358,1522281238.1819675,39250,39300,39350,0,0,0,0,0,0,0,339,2864,5,0,0,0,0,0,0,0,39050,39000,38850,0,0,0,0,0,0,0,12,330,2,0,0,0,0,0,0,0,0,0,3,
000250,085400,1522281240.4800801,39250,39300,39350,0,0,0,0,0,0,0,339,2864,5,0,0,0,0,0,0,0,39050,39000,38850,0,0,0,0,0,0,0,12,330,2,0,0,0,0,0,0,0,0,0,3,
000250,085404,1522281244.6039975,39250,39300,39350,0,0,0,0,0,0,0,339,2864,5,0,0,0,0,0,0,0,39050,39000,38850,0,0,0,0,0,0,0,22,330,2,0,0,0,0,0,0,0,0,0,3,
000250,085407,1522281247.0686626,39250,39300,39350,0,0,0,0,0,0,0,339,2864,5,0,0,0,0,0,0,0,39050,39000,38850,0,0,0,0,0,0,0,22,330,2,0,0,0,0,0,0,0,0,0,3,
000250,085416,1522281255.6857345,39250,39300,39350,0,0,0,0,0,0,0,339,2864,5,0,0,0,0,0,0,0,39050,39000,38850,0,0,0,0,0,0,0,22,330,2,0,0,0,0,0,0,0,0,0,3,
000250,085420,1522281260.128571,39250,39300,39350,0,0,0,0,0,0,0,339,2864,5,0,0,0,0,0,0,0,39050,39000,38850,0,0,0,0,0,0,0,22,330,2,0,0,0,0,0,0,0,0,0,3,
000250,085425,1522281264.957878,39250,39300,39350,0,0,0,0,0,0,0,339,2864,5,0,0,0,0,0,0,0,39050,39000,38850,0,0,0,0,0,0,0,22,330,2,0,0,0,0,0,0,0,0,0,3,
000250,085425,1522281265.6009293,39250,39300,39350,0,0,0,0,0,0,0,369,2864,5,0,0,0,0,0,0,0,39050,39000,38850,0,0,0,0,0,0,0,22,330,2,0,0,0,0,0,0,0,0,0,3,
000250,085428,1522281267.7416582,39250,39300,39350,0,0,0,0,0,0,0,369,2864,5,0,0,0,0,0,0,0,39050,39000,38850,0,0,0,0,0,0,0,22,330,2,0,0,0,0,0,0,0,0,0,3,
000250,085429,1522281269.5239146,39250,39300,39350,0,0,0,0,0,0,0,369,2864,5,0,0,0,0,0,0,0,39050,39000,38850,0,0,0,0,0,0,0,22,330,2,0,0,0,0,0,0,0,0,0,3,
000250,085431,1522281271.46654,39250,39300,39350,0,0,0,0,0,0,0,369,2864,5,0,0,0,0,0,0,0,39050,39000,38850,0,0,0,0,0,0,0,22,330,2,0,0,0,0,0,0,0,0,0,3,
000250,085434,1522281273.874719,39250,39300,39350,0,0,0,0,0,0,0,369,2864,5,0,0,0,0,0,0,0,39050,39000,38850,0,0,0,0,0,0,0,22,330,2,0,0,0,0,0,0,0,0,0,3,
000250,085439,1522281278.9109528,39250,39300,39350,0,0,0,0,0,0,0,369,2864,5,0,0,0,0,0,0,0,39050,39000,38850,0,0,0,0,0,0,0,22,330,2,0,0,0,0,0,0,0,0,0,3,
000250,085441,1522281281.1049857,39250,39300,39350,0,0,0,0,0,0,0,369,2864,5,0,0,0,0,0,0,0,39050,39000,38850,0,0,0,0,0,0,0,22,330,2,0,0,0,0,0,0,0,0,0,3,
000250,085442,1522281282.6034298,39250,39300,39350,0,0,0,0,0,0,0,369,2864,5,0,0,0,0,0,0,0,39050,39000,38850,0,0,0,0,0,0,0,22,330,2,0,0,0,0,0,0,0,0,0,3,
000250,085443,1522281283.195359,39250,39300,39350,0,0,0,0,0,0,0,369,2864,5,0,0,0,0,0,0,0,39050,39000,38850,0,0,0,0,0,0,0,22,330,2,0,0,0,0,0,0,0,0,0,3,
000250,085447,1522281287.6945493,39250,39300,39350,0,0,0,0,0,0,0,369,2864,5,0,0,0,0,0,0,0,39050,39000,38850,0,0,0,0,0,0,0,22,330,2,0,0,0,0,0,0,0,0,0,3,
000250,085452,1522281292.1990018,39250,39300,39350,0,0,0,0,0,0,0,369,2864,5,0,0,0,0,0,0,0,39050,39000,38850,0,0,0,0,0,0,0,22,330,2,0,0,0,0,0,0,0,0,0,3,
000250,085454,1522281294.2840428,39250,39300,39350,0,0,0,0,0,0,0,369,2864,5,0,0,0,0,0,0,0,39050,39000,38850,0,0,0,0,0,0,0,22,330,2,0,0,0,0,0,0,0,0,0,3,
000250,085458,1522281297.8198848,39250,39300,39350,0,0,0,0,0,0,0,369,2864,5,0,0,0,0,0,0,0,39050,39000,38850,0,0,0,0,0,0,0,22,330,2,0,0,0,0,0,0,0,0,0,3,
000250,085509,1522281308.9894493,38800,38850,39000,0,0,0,0,0,0,0,63,10,101,0,0,0,0,0,0,0,38750,38700,38650,0,0,0,0,0,0,0,1086,20,16,0,0,0,0,0,0,0,0,0,3,
000250,085509,1522281309.36391,38800,38850,39000,0,0,0,0,0,0,0,63,10,101,0,0,0,0,0,0,0,38750,38700,38650,0,0,0,0,0,0,0,1086,20,16,0,0,0,0,0,0,0,0,0,3,
000250,085517,1522281316.7624338,38800,38850,39000,0,0,0,0,0,0,0,63,10,101,0,0,0,0,0,0,0,38750,38700,38650,0,0,0,0,0,0,0,1086,20,16,0,0,0,0,0,0,0,0,0,3,
000250,085518,1522281318.0420136,38800,38850,39000,0,0,0,0,0,0,0,63,10,101,0,0,0,0,0,0,0,38750,38700,38650,0,0,0,0,0,0,0,1086,20,16,0,0,0,0,0,0,0,0,0,3,
000250,085519,1522281319.1665056,38800,38850,39000,0,0,0,0,0,0,0,63,10,101,0,0,0,0,0,0,0,38750,38700,38650,0,0,0,0,0,0,0,956,20,16,0,0,0,0,0,0,0,0,0,3,
000250,085521,1522281321.4714024,38800,38850,39000,0,0,0,0,0,0,0,63,10,101,0,0,0,0,0,0,0,38750,38700,38650,0,0,0,0,0,0,0,956,20,16,0,0,0,0,0,0,0,0,0,3,
000250,085532,1522281332.1424603,38800,38850,39000,0,0,0,0,0,0,0,63,10,101,0,0,0,0,0,0,0,38750,38700,38650,0,0,0,0,0,0,0,956,20,16,0,0,0,0,0,0,0,0,0,3,
000250,085532,1522281332.2526703,38800,38850,39000,0,0,0,0,0,0,0,63,10,101,0,0,0,0,0,0,0,38750,38700,38650,0,0,0,0,0,0,0,956,20,17,0,0,0,0,0,0,0,0,0,3,
000250,085535,1522281334.8249192,38800,38850,39000,0,0,0,0,0,0,0,63,10,101,0,0,0,0,0,0,0,38750,38700,38650,0,0,0,0,0,0,0,956,20,17,0,0,0,0,0,0,0,0,0,3,
000250,085538,1522281338.208774,38800,38850,39000,0,0,0,0,0,0,0,63,10,101,0,0,0,0,0,0,0,38750,38700,38650,0,0,0,0,0,0,0,956,20,17,0,0,0,0,0,0,0,0,0,3,
000250,085539,1522281339.1200142,38800,38850,39000,0,0,0,0,0,0,0,63,10,101,0,0,0,0,0,0,0,38750,38700,38650,0,0,0,0,0,0,0,956,20,17,0,0,0,0,0,0,0,0,0,3,
000250,085543,1522281342.9879198,38800,38850,39000,0,0,0,0,0,0,0,63,10,101,0,0,0,0,0,0,0,38750,38700,38650,0,0,0,0,0,0,0,956,20,17,0,0,0,0,0,0,0,0,0,3,
000250,085545,1522281344.8037512,38800,38850,39000,0,0,0,0,0,0,0,63,10,101,0,0,0,0,0,0,0,38750,38700,38650,0,0,0,0,0,0,0,956,20,17,0,0,0,0,0,0,0,0,0,3,
000250,085549,1522281349.3618684,38800,38850,39000,0,0,0,0,0,0,0,63,10,101,0,0,0,0,0,0,0,38750,38700,38650,0,0,0,0,0,0,0,956,20,17,0,0,0,0,0,0,0,0,0,3,
000250,085554,1522281353.8186316,38800,38850,39000,0,0,0,0,0,0,0,63,10,101,0,0,0,0,0,0,0,38750,38700,38650,0,0,0,0,0,0,0,956,20,17,0,0,0,0,0,0,0,0,0,3,
000250,085601,1522281360.7499979,38800,38850,39000,0,0,0,0,0,0,0,63,10,101,0,0,0,0,0,0,0,38750,38700,38650,0,0,0,0,0,0,0,956,20,17,0,0,0,0,0,0,0,0,0,3,
000250,085606,1522281366.1660216,38800,38850,39000,0,0,0,0,0,0,0,63,10,101,0,0,0,0,0,0,0,38750,38700,38650,0,0,0,0,0,0,0,956,20,17,0,0,0,0,0,0,0,0,0,3,
000250,085608,1522281367.9335222,38800,38850,39000,0,0,0,0,0,0,0,63,10,101,0,0,0,0,0,0,0,38750,38700,38650,0,0,0,0,0,0,0,956,20,17,0,0,0,0,0,0,0,0,0,3,
000250,085613,1522281372.815766,38800,38850,39000,0,0,0,0,0,0,0,63,10,101,0,0,0,0,0,0,0,38750,38700,38650,0,0,0,0,0,0,0,957,20,17,0,0,0,0,0,0,0,0,0,3,
000250,085615,1522281375.6103818,38800,38850,39000,0,0,0,0,0,0,0,63,10,101,0,0,0,0,0,0,0,38750,38700,38650,0,0,0,0,0,0,0,957,120,17,0,0,0,0,0,0,0,0,0,3,
000250,085616,1522281376.408738,38800,38850,39000,0,0,0,0,0,0,0,63,10,101,0,0,0,0,0,0,0,38750,38700,38650,0,0,0,0,0,0,0,957,121,17,0,0,0,0,0,0,0,0,0,3,
000250,085617,1522281377.5331676,38800,38850,39000,0,0,0,0,0,0,0,68,10,101,0,0,0,0,0,0,0,38750,38700,38650,0,0,0,0,0,0,0,957,121,17,0,0,0,0,0,0,0,0,0,3,
000250,085620,1522281380.323726,38800,38850,39000,0,0,0,0,0,0,0,68,10,101,0,0,0,0,0,0,0,38750,38700,38650,0,0,0,0,0,0,0,957,121,18,0,0,0,0,0,0,0,0,0,3,
000250,085621,1522281381.2384956,38800,38850,39000,0,0,0,0,0,0,0,68,10,101,0,0,0,0,0,0,0,38750,38700,38650,0,0,0,0,0,0,0,957,121,18,0,0,0,0,0,0,0,0,0,3,
000250,085629,1522281389.1791854,38800,38850,39000,0,0,0,0,0,0,0,68,10,101,0,0,0,0,0,0,0,38750,38700,38650,0,0,0,0,0,0,0,957,121,18,0,0,0,0,0,0,0,0,0,3,
000250,085630,1522281389.981728,38800,38850,39000,0,0,0,0,0,0,0,68,10,101,0,0,0,0,0,0,0,38750,38700,38650,0,0,0,0,0,0,0,957,121,18,0,0,0,0,0,0,0,0,0,3,
000250,085630,1522281390.4697404,38800,38850,39000,0,0,0,0,0,0,0,68,10,101,0,0,0,0,0,0,0,38750,38700,38650,0,0,0,0,0,0,0,1157,121,18,0,0,0,0,0,0,0,0,0,3,
000250,085638,1522281398.2491121,38800,38850,39000,0,0,0,0,0,0,0,68,10,101,0,0,0,0,0,0,0,38750,38700,38650,0,0,0,0,0,0,0,1185,121,18,0,0,0,0,0,0,0,0,0,3,
000250,085641,1522281401.314872,38800,38850,39000,0,0,0,0,0,0,0,68,10,101,0,0,0,0,0,0,0,38750,38700,38650,0,0,0,0,0,0,0,1187,121,18,0,0,0,0,0,0,0,0,0,3,
000250,085643,1522281403.461227,38800,38850,39000,0,0,0,0,0,0,0,68,10,101,0,0,0,0,0,0,0,38750,38700,38650,0,0,0,0,0,0,0,1387,121,18,0,0,0,0,0,0,0,0,0,3,
000250,085645,1522281404.7552645,38800,38850,39000,0,0,0,0,0,0,0,68,10,101,0,0,0,0,0,0,0,38750,38700,38650,0,0,0,0,0,0,0,1387,121,18,0,0,0,0,0,0,0,0,0,3,
000250,085646,1522281406.1024466,38800,38850,39000,0,0,0,0,0,0,0,68,10,101,0,0,0,0,0,0,0,38750,38700,38650,0,0,0,0,0,0,0,1387,121,18,0,0,0,0,0,0,0,0,0,3,
000250,085653,1522281413.017938,38800,38850,39000,0,0,0,0,0,0,0,68,10,101,0,0,0,0,0,0,0,38750,38700,38650,0,0,0,0,0,0,0,1387,121,18,0,0,0,0,0,0,0,0,0,3,
000250,085702,1522281422.4681928,38800,38850,39000,0,0,0,0,0,0,0,68,10,101,0,0,0,0,0,0,0,38750,38700,38650,0,0,0,0,0,0,0,1458,121,18,0,0,0,0,0,0,0,0,0,3,
000250,085706,1522281425.7982087,38800,38850,39000,0,0,0,0,0,0,0,39,10,101,0,0,0,0,0,0,0,38750,38700,38650,0,0,0,0,0,0,0,1529,121,18,0,0,0,0,0,0,0,0,0,3,
000250,085708,1522281428.53131,38800,38850,39000,0,0,0,0,0,0,0,39,10,101,0,0,0,0,0,0,0,38750,38700,38650,0,0,0,0,0,0,0,1529,121,18,0,0,0,0,0,0,0,0,0,3,
000250,085713,1522281432.7767205,38800,38850,39000,0,0,0,0,0,0,0,39,10,141,0,0,0,0,0,0,0,38750,38700,38650,0,0,0,0,0,0,0,1529,121,18,0,0,0,0,0,0,0,0,0,3,
000250,085714,1522281433.8473337,38800,38850,39000,0,0,0,0,0,0,0,39,10,141,0,0,0,0,0,0,0,38750,38700,38650,0,0,0,0,0,0,0,1539,121,18,0,0,0,0,0,0,0,0,0,3,
000250,085720,1522281439.7462223,38800,38850,39000,0,0,0,0,0,0,0,39,10,141,0,0,0,0,0,0,0,38750,38700,38650,0,0,0,0,0,0,0,1539,121,18,0,0,0,0,0,0,0,0,0,3,
000250,085725,1522281445.1294882,38800,38850,39000,0,0,0,0,0,0,0,39,10,141,0,0,0,0,0,0,0,38750,38700,38650,0,0,0,0,0,0,0,1539,121,18,0,0,0,0,0,0,0,0,0,3,
000250,085727,1522281447.6461196,38800,38850,39000,0,0,0,0,0,0,0,68,10,141,0,0,0,0,0,0,0,38750,38700,38650,0,0,0,0,0,0,0,1268,121,18,0,0,0,0,0,0,0,0,0,3,
000250,085729,1522281448.9905164,38800,38850,39000,0,0,0,0,0,0,0,68,10,141,0,0,0,0,0,0,0,38750,38700,38650,0,0,0,0,0,0,0,1268,121,18,0,0,0,0,0,0,0,0,0,3,
000250,085732,1522281452.5365386,38800,38850,39000,0,0,0,0,0,0,0,68,10,141,0,0,0,0,0,0,0,38750,38700,38650,0,0,0,0,0,0,0,1270,121,18,0,0,0,0,0,0,0,0,0,3,
000250,085734,1522281454.2010455,38800,38850,39000,0,0,0,0,0,0,0,68,10,141,0,0,0,0,0,0,0,38750,38700,38650,0,0,0,0,0,0,0,1270,121,18,0,0,0,0,0,0,0,0,0,3,
000250,085742,1522281462.3699958,38800,38850,39000,0,0,0,0,0,0,0,68,10,141,0,0,0,0,0,0,0,38750,38700,38650,0,0,0,0,0,0,0,1370,121,18,0,0,0,0,0,0,0,0,0,3,
000250,085744,1522281464.087413,38800,38850,39000,0,0,0,0,0,0,0,68,10,141,0,0,0,0,0,0,0,38750,38700,38650,0,0,0,0,0,0,0,1375,121,18,0,0,0,0,0,0,0,0,0,3,
000250,085756,1522281476.3488832,38800,38850,39000,0,0,0,0,0,0,0,68,10,141,0,0,0,0,0,0,0,38750,38700,38650,0,0,0,0,0,0,0,1342,121,18,0,0,0,0,0,0,0,0,0,3,
000250,085801,1522281481.196185,38800,38850,39000,0,0,0,0,0,0,0,68,10,141,0,0,0,0,0,0,0,38750,38700,38650,0,0,0,0,0,0,0,1412,121,18,0,0,0,0,0,0,0,0,0,3,
000250,085802,1522281482.531196,38800,38850,39000,0,0,0,0,0,0,0,68,10,141,0,0,0,0,0,0,0,38750,38700,38650,0,0,0,0,0,0,0,1412,122,18,0,0,0,0,0,0,0,0,0,3,
000250,085807,1522281486.953858,38800,38850,39000,0,0,0,0,0,0,0,68,10,141,0,0,0,0,0,0,0,38750,38700,38650,0,0,0,0,0,0,0,1422,122,18,0,0,0,0,0,0,0,0,0,3,
000250,085809,1522281488.6784372,38800,38850,39000,0,0,0,0,0,0,0,68,10,141,0,0,0,0,0,0,0,38750,38700,38650,0,0,0,0,0,0,0,1442,122,18,0,0,0,0,0,0,0,0,0,3,
000250,085809,1522281488.9448574,38800,38850,39000,0,0,0,0,0,0,0,68,10,141,0,0,0,0,0,0,0,38750,38700,38650,0,0,0,0,0,0,0,1442,122,18,0,0,0,0,0,0,0,0,0,3,
000250,085813,1522281493.258355,38800,38850,39000,0,0,0,0,0,0,0,68,10,144,0,0,0,0,0,0,0,38750,38700,38650,0,0,0,0,0,0,0,1442,122,18,0,0,0,0,0,0,0,0,0,3,
000250,085817,1522281496.7045455,38800,38850,39000,0,0,0,0,0,0,0,68,10,144,0,0,0,0,0,0,0,38750,38700,38650,0,0,0,0,0,0,0,1442,122,936,0,0,0,0,0,0,0,0,0,3,
000250,085818,1522281497.7260852,38800,38850,39000,0,0,0,0,0,0,0,68,10,144,0,0,0,0,0,0,0,38750,38700,38650,0,0,0,0,0,0,0,1442,122,936,0,0,0,0,0,0,0,0,0,3,
000250,085818,1522281498.2118168,38800,38850,39000,0,0,0,0,0,0,0,68,10,144,0,0,0,0,0,0,0,38750,38700,38650,0,0,0,0,0,0,0,1442,122,936,0,0,0,0,0,0,0,0,0,3,
000250,085819,1522281499.1822782,38800,38850,39000,0,0,0,0,0,0,0,68,10,144,0,0,0,0,0,0,0,38750,38700,38650,0,0,0,0,0,0,0,1442,122,936,0,0,0,0,0,0,0,0,0,3,
000250,085823,1522281502.911897,38800,38850,39000,0,0,0,0,0,0,0,68,10,144,0,0,0,0,0,0,0,38750,38700,38650,0,0,0,0,0,0,0,1442,122,936,0,0,0,0,0,0,0,0,0,3,
000250,085829,1522281508.9339678,38800,38850,38900,0,0,0,0,0,0,0,68,10,400,0,0,0,0,0,0,0,38750,38700,38650,0,0,0,0,0,0,0,1442,122,936,0,0,0,0,0,0,0,0,0,3,
000250,085831,1522281510.7236636,38800,38850,38900,0,0,0,0,0,0,0,68,10,400,0,0,0,0,0,0,0,38750,38700,38650,0,0,0,0,0,0,0,1442,122,936,0,0,0,0,0,0,0,0,0,3,
000250,085834,1522281514.1808715,38800,38850,38900,0,0,0,0,0,0,0,68,10,400,0,0,0,0,0,0,0,38750,38700,38650,0,0,0,0,0,0,0,1473,122,936,0,0,0,0,0,0,0,0,0,3,
000250,085835,1522281515.3105736,38800,38850,38900,0,0,0,0,0,0,0,68,10,400,0,0,0,0,0,0,0,38750,38700,38650,0,0,0,0,0,0,0,1473,123,936,0,0,0,0,0,0,0,0,0,3,
000250,085836,1522281516.5544298,38800,38850,38900,0,0,0,0,0,0,0,93,10,400,0,0,0,0,0,0,0,38750,38700,38650,0,0,0,0,0,0,0,1473,123,936,0,0,0,0,0,0,0,0,0,3,
000250,085841,1522281521.1904304,38800,38850,38900,0,0,0,0,0,0,0,93,10,400,0,0,0,0,0,0,0,38750,38700,38650,0,0,0,0,0,0,0,1473,128,936,0,0,0,0,0,0,0,0,0,3,
000250,085844,1522281524.0036683,38800,38850,38900,0,0,0,0,0,0,0,93,10,400,0,0,0,0,0,0,0,38750,38700,38650,0,0,0,0,0,0,0,1473,128,936,0,0,0,0,0,0,0,0,0,3,
000250,085845,1522281525.0222027,38800,38850,38900,0,0,0,0,0,0,0,93,10,400,0,0,0,0,0,0,0,38750,38700,38650,0,0,0,0,0,0,0,1478,128,936,0,0,0,0,0,0,0,0,0,3,
000250,085846,1522281526.0477474,38800,38850,38900,0,0,0,0,0,0,0,93,10,400,0,0,0,0,0,0,0,38750,38700,38650,0,0,0,0,0,0,0,1478,128,941,0,0,0,0,0,0,0,0,0,3,
000250,085847,1522281527.1403935,38800,38850,38900,0,0,0,0,0,0,0,93,10,400,0,0,0,0,0,0,0,38750,38700,38650,0,0,0,0,0,0,0,1508,128,941,0,0,0,0,0,0,0,0,0,3,
000250,085847,1522281527.4047914,38800,38850,39000,0,0,0,0,0,0,0,93,10,144,0,0,0,0,0,0,0,38750,38700,38650,0,0,0,0,0,0,0,1508,128,941,0,0,0,0,0,0,0,0,0,3,
000250,085854,1522281533.875076,38800,38850,39000,0,0,0,0,0,0,0,93,10,144,0,0,0,0,0,0,0,38750,38700,38650,0,0,0,0,0,0,0,1508,128,941,0,0,0,0,0,0,0,0,0,3,
000250,085857,1522281536.6813016,38800,38850,39000,0,0,0,0,0,0,0,93,10,144,0,0,0,0,0,0,0,38750,38700,38650,0,0,0,0,0,0,0,1608,128,941,0,0,0,0,0,0,0,0,0,3,
000250,085901,1522281541.6077409,38800,38850,39000,0,0,0,0,0,0,0,57,10,144,0,0,0,0,0,0,0,38750,38700,38650,0,0,0,0,0,0,0,1638,128,941,0,0,0,0,0,0,0,0,0,3,
000250,085906,1522281546.4390182,38800,38850,39000,0,0,0,0,0,0,0,37,10,144,0,0,0,0,0,0,0,38750,38700,38650,0,0,0,0,0,0,0,1638,128,941,0,0,0,0,0,0,0,0,0,3,
000250,085911,1522281550.7645342,38800,38850,39000,0,0,0,0,0,0,0,37,10,144,0,0,0,0,0,0,0,38750,38700,38650,0,0,0,0,0,0,0,1638,128,941,0,0,0,0,0,0,0,0,0,3,
000250,085912,1522281552.292817,38800,38850,39000,0,0,0,0,0,0,0,37,10,144,0,0,0,0,0,0,0,38750,38700,38650,0,0,0,0,0,0,0,1638,128,941,0,0,0,0,0,0,0,0,0,3,
000250,085913,1522281553.1040401,38800,38850,39000,0,0,0,0,0,0,0,37,10,144,0,0,0,0,0,0,0,38750,38700,38650,0,0,0,0,0,0,0,1628,128,951,0,0,0,0,0,0,0,0,0,3,
000250,085915,1522281555.4295611,38800,38850,39000,0,0,0,0,0,0,0,37,10,144,0,0,0,0,0,0,0,38750,38700,38650,0,0,0,0,0,0,0,1628,128,952,0,0,0,0,0,0,0,0,0,3,
000250,085916,1522281556.516189,38850,39000,39100,0,0,0,0,0,0,0,10,144,1,0,0,0,0,0,0,0,38800,38750,38700,0,0,0,0,0,0,0,56,1628,128,0,0,0,0,0,0,0,0,0,3,
000250,085918,1522281558.7856169,38850,39000,39100,0,0,0,0,0,0,0,10,144,1,0,0,0,0,0,0,0,38800,38750,38700,0,0,0,0,0,0,0,56,1628,128,0,0,0,0,0,0,0,0,0,3,
000250,085919,1522281559.6428993,38850,39000,39100,0,0,0,0,0,0,0,10,144,1,0,0,0,0,0,0,0,38800,38750,38700,0,0,0,0,0,0,0,56,1628,129,0,0,0,0,0,0,0,0,0,3,
000250,085922,1522281562.6784806,38850,39000,39100,0,0,0,0,0,0,0,10,144,1,0,0,0,0,0,0,0,38800,38750,38700,0,0,0,0,0,0,0,56,1628,124,0,0,0,0,0,0,0,0,0,3,
000250,085925,1522281564.72256,38800,38850,39000,0,0,0,0,0,0,0,15,10,144,0,0,0,0,0,0,0,38750,38700,38650,0,0,0,0,0,0,0,1628,124,952,0,0,0,0,0,0,0,0,0,3,
000250,085927,1522281566.7245755,38850,39000,39100,0,0,0,0,0,0,0,10,144,1,0,0,0,0,0,0,0,38800,38750,38700,0,0,0,0,0,0,0,5,1628,124,0,0,0,0,0,0,0,0,0,3,
000250,085927,1522281567.586875,38850,39000,39100,0,0,0,0,0,0,0,10,144,1,0,0,0,0,0,0,0,38800,38750,38700,0,0,0,0,0,0,0,5,1648,124,0,0,0,0,0,0,0,0,0,3,
000250,085930,1522281570.4611864,38850,39000,39100,0,0,0,0,0,0,0,10,144,1,0,0,0,0,0,0,0,38800,38750,38700,0,0,0,0,0,0,0,5,1648,124,0,0,0,0,0,0,0,0,0,3,
000250,085930,1522281570.6775126,38850,39000,39100,0,0,0,0,0,0,0,10,144,1,0,0,0,0,0,0,0,38800,38750,38700,0,0,0,0,0,0,0,5,1648,124,0,0,0,0,0,0,0,0,0,3,
000250,085931,1522281571.4833338,38850,39000,39100,0,0,0,0,0,0,0,10,144,1,0,0,0,0,0,0,0,38800,38750,38700,0,0,0,0,0,0,0,205,1648,124,0,0,0,0,0,0,0,0,0,3,
000250,085933,1522281572.6805909,38850,39000,39100,0,0,0,0,0,0,0,10,144,1,0,0,0,0,0,0,0,38800,38750,38700,0,0,0,0,0,0,0,205,1648,124,0,0,0,0,0,0,0,0,0,3,
000250,085934,1522281573.9164526,38850,39000,39100,0,0,0,0,0,0,0,10,144,1,0,0,0,0,0,0,0,38800,38750,38700,0,0,0,0,0,0,0,205,1648,124,0,0,0,0,0,0,0,0,0,3,
000250,085934,1522281574.0286212,38850,39000,39100,0,0,0,0,0,0,0,10,144,1,0,0,0,0,0,0,0,38800,38750,38700,0,0,0,0,0,0,0,3205,1648,124,0,0,0,0,0,0,0,0,0,3,
000250,085936,1522281576.0786924,38850,39000,39100,0,0,0,0,0,0,0,10,144,1,0,0,0,0,0,0,0,38800,38750,38700,0,0,0,0,0,0,0,3505,1648,124,0,0,0,0,0,0,0,0,0,3,
000250,085938,1522281578.0378547,38850,39000,39100,0,0,0,0,0,0,0,10,144,1,0,0,0,0,0,0,0,38800,38750,38700,0,0,0,0,0,0,0,3520,1648,124,0,0,0,0,0,0,0,0,0,3,
000250,085941,1522281581.235748,38850,39000,39100,0,0,0,0,0,0,0,410,144,1,0,0,0,0,0,0,0,38800,38750,38700,0,0,0,0,0,0,0,3520,1648,124,0,0,0,0,0,0,0,0,0,3,
000250,085945,1522281585.4708943,38850,39000,39100,0,0,0,0,0,0,0,410,144,1,0,0,0,0,0,0,0,38800,38750,38700,0,0,0,0,0,0,0,3335,1648,124,0,0,0,0,0,0,0,0,0,3,
000250,085946,1522281586.119872,38850,39000,39100,0,0,0,0,0,0,0,410,144,1,0,0,0,0,0,0,0,38800,38750,38700,0,0,0,0,0,0,0,3335,1648,124,0,0,0,0,0,0,0,0,0,3,
000250,085949,1522281588.7798615,38850,39000,39100,0,0,0,0,0,0,0,410,144,1,0,0,0,0,0,0,0,38800,38750,38700,0,0,0,0,0,0,0,3335,1648,124,0,0,0,0,0,0,0,0,0,3,
000250,085949,1522281589.656199,38850,39000,39100,0,0,0,0,0,0,0,410,144,1,0,0,0,0,0,0,0,38800,38750,38700,0,0,0,0,0,0,0,3335,1648,124,0,0,0,0,0,0,0,0,0,3,
000250,085950,1522281590.3582566,38850,39000,39100,0,0,0,0,0,0,0,410,144,1,0,0,0,0,0,0,0,38800,38750,38700,0,0,0,0,0,0,0,3335,1648,124,0,0,0,0,0,0,0,0,0,3,
000250,085950,1522281590.5164955,38850,39000,39100,0,0,0,0,0,0,0,410,144,1,0,0,0,0,0,0,0,38800,38750,38700,0,0,0,0,0,0,0,3337,1648,124,0,0,0,0,0,0,0,0,0,3,
000250,085952,1522281591.877545,38850,39000,39100,0,0,0,0,0,0,0,410,144,1,0,0,0,0,0,0,0,38800,38750,38700,0,0,0,0,0,0,0,3327,1648,124,0,0,0,0,0,0,0,0,0,3,
000250,085959,1522281598.9531856,38850,39000,39100,0,0,0,0,0,0,0,410,144,1,0,0,0,0,0,0,0,38800,38750,38700,0,0,0,0,0,0,0,3636,1648,124,0,0,0,0,0,0,0,0,0,3,
000250,090000,1522281600.1063778,38850,39000,39100,0,0,0,0,0,0,0,410,144,1,0,0,0,0,0,0,0,38800,38750,38700,0,0,0,0,0,0,0,3646,1648,124,0,0,0,0,0,0,0,0,0,3,
000250,090001,1522281601.4865637,38850,39000,39100,0,0,0,0,0,0,0,410,144,1,0,0,0,0,0,0,0,38800,38750,38700,0,0,0,0,0,0,0,3646,1648,124,0,0,0,0,0,0,0,0,0,3,
000250,090002,1522281602.3053026,38850,39000,39100,0,0,0,0,0,0,0,410,144,1,0,0,0,0,0,0,0,38800,38750,38700,0,0,0,0,0,0,0,3666,1648,124,0,0,0,0,0,0,0,0,0,3,
000250,090004,1522281604.2346783,38850,39000,39100,0,0,0,0,0,0,0,320,144,1,0,0,0,0,0,0,0,38800,38750,38700,0,0,0,0,0,0,0,3711,1648,124,0,0,0,0,0,0,0,0,0,3,
000250,090005,1522281605.2285564,38850,39000,39100,0,0,0,0,0,0,0,220,144,1,0,0,0,0,0,0,0,38800,38750,38700,0,0,0,0,0,0,0,3611,1648,124,0,0,0,0,0,0,0,0,0,3,
000250,090008,1522281607.8278253,38850,39000,39100,0,0,0,0,0,0,0,220,144,1,0,0,0,0,0,0,0,38800,38750,38700,0,0,0,0,0,0,0,3611,2248,124,0,0,0,0,0,0,0,0,0,3,
000250,090010,1522281610.1629357,38850,39000,39100,0,0,0,0,0,0,0,220,144,1,0,0,0,0,0,0,0,38800,38750,38700,0,0,0,0,0,0,0,3711,2148,124,0,0,0,0,0,0,0,0,0,3,
000250,090014,1522281614.3447087,38850,39000,39100,0,0,0,0,0,0,0,220,144,1,0,0,0,0,0,0,0,38800,38750,38700,0,0,0,0,0,0,0,3711,2148,124,0,0,0,0,0,0,0,0,0,3,
000250,090017,1522281616.7459583,38850,39000,39100,0,0,0,0,0,0,0,230,144,1,0,0,0,0,0,0,0,38800,38750,38700,0,0,0,0,0,0,0,3711,2158,124,0,0,0,0,0,0,0,0,0,3,
000250,090021,1522281620.9863365,39000,39100,39150,0,0,0,0,0,0,0,144,1,50,0,0,0,0,0,0,0,38850,38800,38750,0,0,0,0,0,0,0,70,3711,2158,0,0,0,0,0,0,0,0,0,3,
000250,090021,1522281621.264878,39000,39100,39150,0,0,0,0,0,0,0,144,1,50,0,0,0,0,0,0,0,38850,38800,38750,0,0,0,0,0,0,0,120,3711,2158,0,0,0,0,0,0,0,0,0,3,
000250,090022,1522281621.8888028,39000,39100,39150,0,0,0,0,0,0,0,144,1,50,0,0,0,0,0,0,0,38850,38800,38750,0,0,0,0,0,0,0,220,3711,2158,0,0,0,0,0,0,0,0,0,3,
000250,090023,1522281622.8937423,39000,39100,39150,0,0,0,0,0,0,0,144,1,50,0,0,0,0,0,0,0,38850,38800,38750,0,0,0,0,0,0,0,220,3711,2178,0,0,0,0,0,0,0,0,0,3,
000250,090023,1522281623.2278352,39000,39100,39150,0,0,0,0,0,0,0,144,1,50,0,0,0,0,0,0,0,38850,38800,38750,0,0,0,0,0,0,0,1225,3711,2178,0,0,0,0,0,0,0,0,0,3,
000250,090026,1522281626.1900728,39000,39100,39150,0,0,0,0,0,0,0,144,1,50,0,0,0,0,0,0,0,38850,38800,38750,0,0,0,0,0,0,0,1425,3511,2178,0,0,0,0,0,0,0,0,0,3,
000250,090028,1522281628.6683304,39050,39100,39150,39200,39250,39300,39350,39400,39450,39500,76,1,50,860,200,2864,5,71,12,448,38850,38800,38750,38700,38650,38600,38550,38500,38450,38400,1425,3511,2255,124,942,7,540,2105,100,207,11216,4587,1,
000250,090031,1522281630.7193418,39100,39150,39200,39250,39300,39350,39400,39450,39500,39600,1,126,860,200,2864,5,71,12,448,54,38850,38800,38750,38700,38650,38600,38550,38500,38450,38400,1425,3511,2255,124,942,7,540,2105,100,207,11216,4641,1,
000250,090039,1522281639.4265661,39100,39150,39200,39250,39300,39350,39400,39450,39500,39600,51,76,860,200,2864,5,71,12,448,54,38850,38800,38750,38700,38650,38600,38550,38500,38450,38400,1425,3511,2255,124,942,7,540,2105,100,207,11216,4641,1,
000250,090040,1522281640.0988634,39000,39100,39150,39200,39250,39300,39350,39400,39450,39500,180,51,76,860,200,2864,5,71,12,448,38850,38800,38750,38700,38650,38600,38550,38500,38450,38400,1425,3511,2255,124,942,7,540,2105,100,207,11216,4767,1,
000250,090040,1522281640.4973378,39000,39100,39150,39200,39250,39300,39350,39400,39450,39500,179,51,76,860,200,2864,5,71,12,448,38850,38800,38750,38700,38650,38600,38550,38500,38450,38400,1425,3531,2255,124,942,7,540,2105,100,207,11236,4766,1,
000250,090041,1522281641.2324586,39000,39050,39100,39150,39200,39250,39300,39350,39400,39450,179,8,51,76,860,200,2864,5,71,12,38850,38800,38750,38700,38650,38600,38550,38500,38450,38400,1425,3531,2255,124,942,7,540,2105,100,207,11236,4326,1,
000250,090042,1522281642.0730636,39000,39050,39100,39150,39200,39250,39300,39350,39400,39450,179,12,51,76,860,200,2864,5,71,12,38850,38800,38750,38700,38650,38600,38550,38500,38450,38400,1425,3531,2255,124,942,7,540,2105,100,207,11236,4330,1,
000250,090043,1522281643.0448735,39000,39050,39100,39150,39200,39250,39300,39350,39400,39450,549,12,51,76,860,200,2864,5,71,12,38850,38800,38750,38700,38650,38600,38550,38500,38450,38400,1425,3531,2255,124,942,7,540,2105,100,207,11236,4700,1,
000250,090045,1522281645.3462558,39000,39050,39100,39150,39200,39250,39300,39350,39400,39450,529,12,51,76,860,200,2864,5,71,12,38850,38800,38750,38700,38650,38600,38550,38500,38450,38400,1425,3531,2235,124,942,7,540,2105,100,207,11216,4680,1,
000250,090050,1522281650.5598228,39000,39050,39100,39150,39200,39250,39300,39350,39400,39450,429,12,51,76,860,200,2864,5,71,12,38850,38800,38750,38700,38650,38600,38550,38500,38450,38400,1425,3531,2235,124,942,7,540,2105,100,207,11216,4580,1,
000250,090051,1522281651.4575326,39000,39050,39100,39150,39200,39250,39300,39350,39400,39450,279,12,51,76,860,200,2864,5,71,12,38850,38800,38750,38700,38650,38600,38550,38500,38450,38400,1425,3531,2235,124,942,7,540,2105,100,207,11216,4430,1,
000250,090052,1522281652.0727358,39000,39050,39100,39150,39200,39250,39300,39350,39400,39450,279,12,51,76,860,200,2864,5,71,12,38850,38800,38750,38700,38650,38600,38550,38500,38450,38400,1525,3531,2235,124,942,7,540,2105,100,207,11316,4430,1,
000250,090052,1522281652.5918286,39000,39050,39100,39150,39200,39250,39300,39350,39400,39450,179,13,51,76,860,200,2864,5,71,12,38850,38800,38750,38700,38650,38600,38550,38500,38450,38400,1425,3531,2235,124,942,7,540,2105,100,207,11216,4331,1,
000250,090054,1522281653.7029366,39000,39050,39100,39150,39200,39250,39300,39350,39400,39450,159,13,51,76,860,200,2864,5,71,12,38850,38800,38750,38700,38650,38600,38550,38500,38450,38400,1425,3511,2235,124,942,7,540,2105,100,207,11196,4311,1,
000250,090055,1522281655.615223,39000,39050,39100,39150,39200,39250,39300,39350,39400,39450,159,14,51,76,860,200,2864,5,71,12,38850,38800,38750,38700,38650,38600,38550,38500,38450,38400,1425,3511,2235,124,942,7,540,2105,100,207,11196,4312,1,
000250,090056,1522281655.9528651,39000,39050,39100,39150,39200,39250,39300,39350,39400,39450,139,14,51,76,860,200,2864,5,71,12,38850,38800,38750,38700,38650,38600,38550,38500,38450,38400,1425,3511,2235,124,942,7,540,2105,100,207,11196,4292,1,
000250,090056,1522281656.2907188,39000,39050,39100,39150,39200,39250,39300,39350,39400,39450,139,15,51,76,860,200,2864,5,71,12,38850,38800,38750,38700,38650,38600,38550,38500,38450,38400,1425,3511,2235,124,942,7,540,2105,100,207,11196,4293,1,
000250,090056,1522281656.6275928,39000,39050,39100,39200,39250,39300,39350,39400,39450,39500,139,103,51,860,200,2864,5,71,12,448,38850,38800,38750,38700,38650,38600,38550,38500,38450,38400,1425,3511,2235,124,942,7,540,2105,100,207,11196,4753,1,
000250,090101,1522281660.9695408,39000,39050,39100,39200,39250,39300,39350,39400,39450,39500,139,103,51,860,200,2864,5,71,12,448,38850,38800,38750,38700,38650,38600,38550,38500,38450,38400,1425,3512,2235,124,942,7,540,2105,100,207,11197,4753,1,
000250,090102,1522281661.9326298,39000,39050,39100,39200,39250,39300,39350,39400,39450,39500,139,103,51,860,200,2864,5,71,12,448,38850,38800,38750,38700,38650,38600,38550,38500,38450,38400,1745,3512,2235,124,942,7,540,2105,100,207,11517,4753,1,
000250,090103,1522281662.937257,39000,39050,39100,39200,39250,39300,39350,39400,39450,39500,139,103,51,860,200,2864,5,71,12,448,38850,38800,38750,38700,38650,38600,38550,38500,38450,38400,1745,3512,2235,124,942,7,540,2105,100,207,11517,4753,1,
000250,090104,1522281664.2928557,39050,39100,39200,39250,39300,39350,39400,39450,39500,39600,102,51,860,200,2864,5,71,12,448,54,38850,38800,38750,38700,38650,38600,38550,38500,38450,38400,1745,3512,2235,124,942,7,540,2105,100,207,11517,4667,1,
000250,090105,1522281665.3592699,39050,39100,39200,39250,39300,39350,39400,39450,39500,39600,102,51,860,200,2864,5,71,12,448,54,38900,38850,38800,38750,38700,38650,38600,38550,38500,38450,200,1545,3512,2235,124,942,7,540,2105,100,11310,4667,1,
000250,090106,1522281666.253525,39050,39100,39200,39250,39300,39350,39400,39450,39500,39600,102,51,860,200,2864,5,71,12,448,54,38950,38900,38850,38800,38750,38700,38650,38600,38550,38500,20,200,1545,3512,2235,124,942,7,540,2105,11230,4667,1,
000250,090112,1522281672.14935,39050,39100,39200,39250,39300,39350,39400,39450,39500,39600,102,51,860,200,2864,5,71,12,448,54,38950,38900,38850,38800,38750,38700,38650,38600,38550,38500,20,200,1545,3512,2240,124,942,7,540,2105,11235,4667,1,
000250,090113,1522281673.4353445,39050,39100,39200,39250,39300,39350,39400,39450,39500,39600,102,71,860,200,2864,5,71,12,448,54,38950,38900,38850,38800,38750,38700,38650,38600,38550,38500,20,200,1545,3512,2240,124,942,7,540,2105,11235,4687,1,
000250,090118,1522281677.9439213,39050,39100,39200,39250,39300,39350,39400,39450,39500,39600,146,71,860,200,2864,5,71,12,448,54,38950,38900,38850,38800,38750,38700,38650,38600,38550,38500,20,200,1545,3512,2240,124,942,7,540,2105,11235,4731,1,
000250,090120,1522281679.9663734,39050,39100,39200,39250,39300,39350,39400,39450,39500,39600,196,71,860,200,2864,5,71,12,448,54,38950,38900,38850,38800,38750,38700,38650,38600,38550,38500,20,200,1545,3512,2240,124,942,7,540,2105,11235,4781,1,
000250,090120,1522281680.3115444,39050,39100,39200,39250,39300,39350,39400,39450,39500,39600,66,71,860,200,2864,5,71,12,448,54,38950,38900,38850,38800,38750,38700,38650,38600,38550,38500,20,200,1545,3512,2240,124,942,7,540,2105,11235,4651,1,
000250,090124,1522281684.6376135,39050,39100,39150,39200,39250,39300,39350,39400,39450,39500,66,271,1,860,200,2864,5,71,12,448,38950,38900,38850,38800,38750,38700,38650,38600,38550,38500,20,200,1545,3512,2240,124,942,7,540,2105,11235,4798,1,
000250,090127,1522281687.4476333,39050,39100,39150,39200,39250,39300,39350,39400,39450,39500,66,271,1,460,200,2864,5,71,12,848,38950,38900,38850,38800,38750,38700,38650,38600,38550,38500,20,200,1545,3512,2240,124,942,7,540,2105,11235,4798,1,
000250,090128,1522281687.7820473,39050,39100,39150,39200,39250,39300,39350,39400,39450,39500,66,271,1,460,200,2864,5,71,12,848,38950,38900,38850,38800,38750,38700,38650,38600,38550,38500,20,200,1545,3512,2240,124,942,7,540,2135,11265,4798,1,
000250,090130,1522281690.1929014,39050,39100,39150,39200,39250,39300,39350,39400,39450,39500,66,271,1,460,200,2864,5,71,12,848,38950,38900,38850,38800,38750,38700,38650,38600,38550,38500,20,200,1545,3517,2240,124,942,7,540,2135,11270,4798,1,
000250,090132,1522281691.834809,39050,39100,39150,39200,39250,39300,39350,39400,39450,39500,66,271,1,460,200,2864,5,71,12,848,38950,38900,38850,38800,38750,38700,38650,38600,38550,38500,50,200,1545,3517,2240,124,942,7,540,2135,11300,4798,1,
000250,090133,1522281693.1901197,39050,39100,39150,39200,39250,39300,39350,39400,39450,39500,66,271,1,460,200,2864,5,71,12,848,38950,38900,38850,38800,38750,38700,38650,38600,38550,38500,50,200,1545,3517,2340,124,942,7,540,2135,11400,4798,1,
000250,090138,1522281697.8535967,39050,39100,39150,39200,39250,39300,39350,39400,39450,39500,43,271,1,460,200,2864,5,71,12,848,38950,38900,38850,38800,38750,38700,38650,38600,38550,38500,50,200,1545,3517,2340,124,942,7,540,2135,11400,4775,1,
000250,090138,1522281698.4777899,39050,39100,39150,39200,39250,39300,39350,39400,39450,39500,43,271,1,460,200,2864,5,71,12,848,38950,38900,38850,38800,38750,38700,38650,38600,38550,38500,50,200,540,3517,2340,124,942,7,540,2135,10395,4775,1,
000250,090140,1522281699.9290965,39050,39100,39150,39200,39250,39300,39350,39400,39450,39500,43,272,1,460,200,2864,5,71,12,848,38950,38900,38850,38800,38750,38700,38650,38600,38550,38500,50,200,540,3517,2340,124,942,7,540,2135,10395,4776,1,
000250,090141,1522281701.1734445,39050,39100,39150,39200,39250,39300,39350,39400,39450,39500,43,272,1,460,200,2864,5,71,12,848,38950,38900,38850,38800,38750,38700,38650,38600,38550,38500,150,200,540,3517,2340,124,942,7,540,2135,10495,4776,1,
000250,090142,1522281702.4015808,39050,39100,39150,39200,39250,39300,39350,39400,39450,39500,98,222,1,460,200,2864,5,71,12,848,38950,38900,38850,38800,38750,38700,38650,38600,38550,38500,150,200,540,3517,2340,124,942,7,540,2135,10495,4781,1,
000250,090143,1522281703.421945,39050,39100,39150,39200,39250,39300,39350,39400,39450,39500,98,222,2,460,200,2864,5,71,12,848,38950,38900,38850,38800,38750,38700,38650,38600,38550,38500,151,200,540,3517,2340,124,942,7,540,2135,10496,4782,1,
000250,090146,1522281705.7673147,39050,39100,39150,39200,39250,39300,39350,39400,39450,39500,98,222,2,460,201,2864,5,71,12,848,38950,38900,38850,38800,38750,38700,38650,38600,38550,38500,151,200,540,3517,2340,124,942,7,540,2135,10496,4783,1,
000250,090148,1522281708.4094152,39050,39100,39150,39200,39250,39300,39350,39400,39450,39500,98,222,2,460,201,2864,5,71,12,848,38950,38900,38850,38800,38750,38700,38650,38600,38550,38500,151,200,540,3517,2340,124,942,7,540,2135,10496,4783,1,
000250,090150,1522281709.9742956,39050,39100,39150,39200,39250,39300,39350,39400,39450,39500,98,227,2,460,201,2864,5,71,12,848,38950,38900,38850,38800,38750,38700,38650,38600,38550,38500,151,200,540,3517,2340,124,942,7,540,2135,10496,4788,1,
000250,090151,1522281711.4906325,39050,39100,39150,39200,39250,39300,39350,39400,39450,39500,98,227,2,460,201,2864,5,71,12,848,38950,38900,38850,38800,38750,38700,38650,38600,38550,38500,151,200,540,3517,2340,124,942,7,540,2135,10496,4788,1,
000250,090154,1522281713.8560984,39050,39100,39150,39200,39250,39300,39350,39400,39450,39500,98,242,2,460,201,2864,5,71,12,848,38950,38900,38850,38800,38750,38700,38650,38600,38550,38500,151,200,540,3517,2340,124,942,7,540,2135,10496,4803,1,
000250,090154,1522281714.4727838,39050,39100,39150,39200,39250,39300,39350,39400,39450,39500,98,242,2,460,201,2864,5,71,12,848,38950,38900,38850,38800,38750,38700,38650,38600,38550,38500,151,200,540,3517,2340,124,942,7,540,2135,10496,4803,1,
000250,090155,1522281715.4870565,39050,39100,39150,39200,39250,39300,39350,39400,39450,39500,98,243,2,460,201,2864,5,71,12,848,38950,38900,38850,38800,38750,38700,38650,38600,38550,38500,151,200,540,3517,2340,124,942,7,540,2135,10496,4804,1,
000250,090157,1522281717.1130006,39150,39200,39250,39300,39350,39400,39450,39500,39600,39700,2,460,201,2864,5,71,12,848,54,705,39100,38950,38900,38850,38800,38750,38700,38650,38600,38550,658,151,200,540,3517,2340,124,942,7,540,9019,5222,1,
000250,090157,1522281717.338116,39150,39200,39250,39300,39350,39400,39450,39500,39600,39700,2,460,201,2864,5,71,12,848,54,705,39100,38950,38900,38850,38800,38750,38700,38650,38600,38550,614,151,200,540,3517,2340,124,942,7,540,8975,5222,1,
000250,090201,1522281721.6709824,39100,39150,39200,39250,39300,39350,39400,39450,39500,39600,166,2,460,201,2864,5,71,12,848,54,38950,38900,38850,38800,38750,38700,38650,38600,38550,38500,151,200,540,3517,2340,124,942,7,540,2135,10496,4683,1,
000250,090205,1522281725.1458693,39100,39150,39200,39250,39300,39350,39400,39450,39500,39600,166,72,460,201,2864,5,71,12,848,54,38950,38900,38850,38800,38750,38700,38650,38600,38550,38500,151,200,540,3517,2340,124,942,7,540,2135,10496,4753,1,
000250,090208,1522281728.5833483,39100,39150,39200,39250,39300,39350,39400,39450,39500,39600,166,72,460,201,2864,5,71,12,848,54,38950,38900,38850,38800,38750,38700,38650,38600,38550,38500,151,200,540,3516,2340,124,942,7,540,2135,10495,4753,1,
000250,090212,1522281732.3655517,39100,39150,39200,39250,39300,39350,39400,39450,39500,39600,166,72,460,201,2864,5,71,12,848,54,38950,38900,38850,38800,38750,38700,38650,38600,38550,38500,156,200,540,3516,2340,124,942,2,540,2135,10495,4753,1,
000250,090214,1522281733.7188368,39100,39150,39200,39250,39300,39350,39400,39450,39500,39600,89,72,460,201,2864,5,71,12,848,54,38950,38900,38850,38800,38750,38700,38650,38600,38550,38500,156,200,540,3516,2263,124,942,2,540,2135,10418,4676,1,
000250,090214,1522281733.8887854,39100,39150,39200,39250,39300,39350,39400,39450,39500,39600,89,72,460,201,2864,5,71,12,848,54,38950,38900,38850,38800,38750,38700,38650,38600,38550,38500,186,200,540,3516,2233,124,942,2,540,2135,10418,4676,1,
000250,090216,1522281736.644842,39100,39150,39200,39250,39300,39350,39400,39450,39500,39600,389,72,460,201,2864,5,71,12,848,54,38950,38900,38850,38800,38750,38700,38650,38600,38550,38500,186,200,540,3516,2233,124,942,2,540,2135,10418,4976,1,
000250,090217,1522281737.43236,39100,39150,39200,39250,39300,39350,39400,39450,39500,39600,389,72,460,201,2864,5,71,12,848,54,38950,38900,38850,38800,38750,38700,38650,38600,38550,38500,186,200,540,3516,2233,124,942,2,540,2135,10418,4976,1,
000250,090218,1522281737.8185754,39100,39150,39200,39250,39300,39350,39400,39450,39500,39600,300,161,460,201,2864,5,71,12,848,54,38950,38900,38850,38800,38750,38700,38650,38600,38550,38500,186,200,540,3516,2233,124,942,2,540,2135,10418,4976,1,
000250,090218,1522281738.3768768,39100,39150,39200,39250,39300,39350,39400,39450,39500,39600,300,161,460,201,2864,5,71,12,848,54,38950,38900,38850,38800,38750,38700,38650,38600,38550,38500,186,200,540,3516,2233,124,942,2,540,2135,10418,4976,1,
000250,090219,1522281739.1042562,39100,39150,39200,39250,39300,39350,39400,39450,39500,39600,300,161,460,201,2864,5,71,12,848,54,38950,38900,38850,38800,38750,38700,38650,38600,38550,38500,186,200,540,3516,2233,124,942,2,540,2135,10418,4976,1,
000250,090220,1522281740.623795,39100,39150,39200,39250,39300,39350,39400,39450,39500,39600,200,161,460,201,2864,5,71,12,848,54,38950,38900,38850,38800,38750,38700,38650,38600,38550,38500,186,200,540,3516,2233,124,942,2,540,2135,10418,4876,1,
000250,090221,1522281741.0150378,39100,39150,39200,39250,39300,39350,39400,39450,39500,39600,200,161,460,201,2864,5,71,12,848,54,38950,38900,38850,38800,38750,38700,38650,38600,38550,38500,186,200,540,3516,2233,124,942,2,540,2136,10419,4876,1,
000250,090224,1522281744.2736459,39050,39100,39150,39200,39250,39300,39350,39400,39450,39500,70,200,91,460,201,2864,5,71,12,848,38950,38900,38850,38800,38750,38700,38650,38600,38550,38500,186,200,540,3516,2233,124,942,2,540,2136,10419,4822,1,
000250,090226,1522281746.3004444,39050,39100,39150,39200,39250,39300,39350,39400,39450,39500,70,200,91,460,201,2864,5,71,12,848,38950,38900,38850,38800,38750,38700,38650,38600,38550,38500,186,200,540,3516,2233,124,942,2,540,2136,10419,4822,1,
000250,090226,1522281746.5814397,39050,39100,39150,39200,39250,39300,39350,39400,39450,39500,70,200,91,460,201,2864,5,71,12,848,38950,38900,38850,38800,38750,38700,38650,38600,38550,38500,186,200,540,3524,2233,124,942,2,540,2138,10429,4822,1,
000250,090228,1522281748.38027,39050,39100,39150,39200,39250,39300,39350,39400,39450,39500,70,200,91,460,201,2864,5,71,12,848,39000,38950,38900,38850,38800,38750,38700,38650,38600,38550,1,186,200,540,3524,2233,124,942,2,540,8292,4822,1,
000250,090229,1522281749.0033371,39050,39100,39150,39200,39250,39300,39350,39400,39450,39500,70,200,96,460,201,2864,5,71,12,848,39000,38950,38900,38850,38800,38750,38700,38650,38600,38550,1,186,200,540,3524,2233,124,942,2,540,8292,4827,1,
000250,090229,1522281749.6119003,39050,39100,39150,39200,39250,39300,39350,39400,39450,39500,40,200,96,460,201,2864,5,71,12,848,39000,38950,38900,38850,38800,38750,38700,38650,38600,38550,1,186,200,540,3524,2233,124,942,2,540,8292,4797,1,
000250,090231,1522281750.812129,39050,39100,39150,39200,39250,39300,39350,39400,39450,39500,40,200,96,460,201,2864,5,71,12,848,39000,38950,38900,38850,38800,38750,38700,38650,38600,38550,1,186,200,540,3524,2233,124,947,2,540,8297,4797,1,
000250,090231,1522281751.1387517,39050,39100,39150,39200,39250,39300,39350,39400,39450,39500,20,200,96,460,201,2864,5,71,12,848,39000,38950,38900,38850,38800,38750,38700,38650,38600,38550,1,186,200,540,3524,2233,124,947,2,540,8297,4777,1,
000250,090231,1522281751.5325043,39050,39100,39150,39200,39250,39300,39350,39400,39450,39500,20,200,96,460,201,2864,5,71,12,848,39000,38950,38900,38850,38800,38750,38700,38650,38600,38550,1,186,200,540,3524,2233,124,947,2,540,8297,4777,1,
000250,090232,1522281751.928914,39050,39100,39150,39200,39250,39300,39350,39400,39450,39500,20,200,96,460,201,2864,5,71,12,848,38900,38850,38800,38750,38700,38650,38600,38550,38500,38450,142,540,3524,2233,124,947,2,540,2138,100,10290,4777,1,
000250,090232,1522281752.269246,39050,39100,39150,39200,39250,39300,39350,39400,39450,39500,20,200,96,460,201,2864,5,71,12,848,38850,38800,38750,38700,38650,38600,38550,38500,38450,38400,530,3524,2233,124,947,2,540,2138,100,207,10345,4777,1,
000250,090235,1522281755.4878323,39050,39100,39150,39200,39250,39300,39350,39400,39450,39500,20,200,96,460,201,2864,5,71,12,848,38850,38800,38750,38700,38650,38600,38550,38500,38450,38400,530,3524,2233,124,947,2,540,2138,100,207,10345,4777,1,
000250,090236,1522281755.925616,39050,39100,39150,39200,39250,39300,39350,39400,39450,39500,20,200,96,460,201,2864,5,71,12,848,38850,38800,38750,38700,38650,38600,38550,38500,38450,38400,530,3524,2233,124,947,2,540,2138,100,207,10345,4777,1,
000250,090236,1522281756.6667695,39050,39100,39150,39200,39250,39300,39350,39400,39450,39500,20,200,96,460,201,2864,5,71,12,848,38850,38800,38750,38700,38650,38600,38550,38500,38450,38400,530,3524,2233,144,947,2,540,2138,100,207,10365,4777,1,
000250,090238,1522281758.131835,39050,39100,39150,39200,39250,39300,39350,39400,39450,39500,20,200,396,460,201,2864,5,71,12,848,38850,38800,38750,38700,38650,38600,38550,38500,38450,38400,530,3524,2233,144,947,2,540,2138,100,207,10365,5077,1,
000250,090238,1522281758.3562574,39050,39100,39150,39200,39250,39300,39350,39400,39450,39500,20,200,596,460,201,2864,5,71,12,848,38850,38800,38750,38700,38650,38600,38550,38500,38450,38400,530,3524,2233,144,947,2,540,2138,100,207,10365,5277,1,
000250,090239,1522281758.7544918,39050,39100,39150,39200,39250,39300,39350,39400,39450,39500,20,200,596,460,201,2864,5,71,12,848,38850,38800,38750,38700,38650,38600,38550,38500,38450,38400,530,3524,2233,144,947,2,540,2138,100,207,10365,5277,1,
000250,090239,1522281759.3778176,39050,39100,39150,39200,39250,39300,39350,39400,39450,39500,20,200,596,460,201,2864,5,71,12,848,38900,38850,38800,38750,38700,38650,38600,38550,38500,38450,20,530,3524,2233,144,947,2,540,2138,100,10178,5277,1,
000250,090240,1522281759.7610524,39050,39100,39150,39200,39250,39300,39350,39400,39450,39500,20,200,596,460,201,2864,5,71,12,848,38900,38850,38800,38750,38700,38650,38600,38550,38500,38450,20,530,3524,2233,144,947,2,540,2138,100,10178,5277,1,
000250,090240,1522281760.2252083,39050,39100,39150,39200,39250,39300,39350,39400,39450,39500,21,200,596,460,201,2864,5,71,12,848,38900,38850,38800,38750,38700,38650,38600,38550,38500,38450,18,530,3524,2233,144,947,2,540,2138,100,10176,5278,1,
000250,090241,1522281760.7261262,39050,39100,39150,39200,39250,39300,39350,39400,39450,39500,21,200,596,460,201,2864,5,71,12,848,38900,38850,38800,38750,38700,38650,38600,38550,38500,38450,18,530,3524,2233,144,947,2,540,2138,100,10176,5278,1,
000250,090242,1522281762.3621094,39050,39100,39150,39200,39250,39300,39350,39400,39450,39500,21,200,596,460,201,2864,5,71,12,848,38900,38850,38800,38750,38700,38650,38600,38550,38500,38450,18,530,3524,2233,144,947,2,540,2138,100,10176,5278,1,
000250,090243,1522281762.8099537,39050,39100,39150,39200,39250,39300,39350,39400,39450,39500,21,200,596,460,201,2864,5,71,12,848,38900,38850,38800,38750,38700,38650,38600,38550,38500,38450,18,530,3524,2233,144,947,2,540,2138,100,10176,5278,1,
000250,090244,1522281764.2125857,39050,39100,39150,39200,39250,39300,39350,39400,39450,39500,20,200,597,460,201,2864,5,71,12,848,38900,38850,38800,38750,38700,38650,38600,38550,38500,38450,18,530,3524,2233,144,947,2,540,2138,100,10176,5278,1,
000250,090245,1522281765.2837396,39050,39100,39150,39200,39250,39300,39350,39400,39450,39500,20,200,597,460,201,2864,5,71,12,848,38900,38850,38800,38750,38700,38650,38600,38550,38500,38450,1083,530,3524,2233,194,947,2,540,2138,100,11291,5278,1,
000250,090249,1522281768.8318517,39000,39050,39100,39150,39200,39250,39300,39350,39400,39450,380,20,200,597,460,201,2864,5,71,12,38900,38850,38800,38750,38700,38650,38600,38550,38500,38450,1083,530,3524,2233,194,947,2,540,2138,100,11291,4810,1,
000250,090252,1522281771.8155127,39000,39050,39100,39150,39200,39250,39300,39350,39400,39450,280,20,200,597,460,201,2864,5,71,12,38900,38850,38800,38750,38700,38650,38600,38550,38500,38450,1083,530,3524,2233,194,947,2,540,2138,100,11291,4710,1,
000250,090253,1522281772.7562916,39000,39050,39100,39150,39200,39250,39300,39350,39400,39450,279,20,200,597,460,201,2864,5,71,12,38900,38850,38800,38750,38700,38650,38600,38550,38500,38450,1083,530,3524,2233,209,947,2,540,2138,100,11306,4709,1,
000250,090254,1522281774.0460908,39000,39050,39100,39150,39200,39250,39300,39350,39400,39450,274,20,200,597,460,201,2864,5,71,12,38900,38850,38800,38750,38700,38650,38600,38550,38500,38450,1083,530,3524,2233,209,947,2,540,2138,100,11306,4704,1,
000250,090257,1522281776.8521593,39000,39050,39100,39150,39200,39250,39300,39350,39400,39450,274,20,200,597,460,201,2864,5,71,12,38900,38850,38800,38750,38700,38650,38600,38550,38500,38450,1083,530,3524,2233,209,947,2,540,2138,100,11306,4704,1,
000250,090259,1522281778.7100146,39000,39050,39100,39150,39200,39250,39300,39350,39400,39450,274,20,200,597,460,201,2864,5,71,12,38900,38850,38800,38750,38700,38650,38600,38550,38500,38450,1083,530,3524,2233,209,947,2,540,2138,100,11306,4704,1,
000250,090259,1522281779.0411189,39000,39050,39100,39150,39200,39250,39300,39350,39400,39450,274,20,200,597,460,201,2864,5,71,12,38900,38850,38800,38750,38700,38650,38600,38550,38500,38450,1083,530,3524,2233,209,947,2,540,2138,100,11306,4704,1,
000250,090301,1522281781.0692558,39000,39050,39100,39150,39200,39250,39300,39350,39400,39450,274,20,200,597,460,201,2864,5,71,12,38900,38850,38800,38750,38700,38650,38600,38550,38500,38450,1083,830,3524,2233,209,947,2,540,2138,100,11606,4704,1,
000250,090302,1522281782.4293995,39000,39050,39100,39150,39200,39250,39300,39350,39400,39450,331,20,200,597,460,201,2864,5,71,12,38900,38850,38800,38750,38700,38650,38600,38550,38500,38450,1083,830,3524,2233,209,947,2,540,2138,100,11606,4761,1,
000250,090305,1522281784.7134604,39050,39100,39150,39200,39250,39300,39350,39400,39450,39500,20,200,597,460,201,2864,5,71,12,791,39000,38900,38850,38800,38750,38700,38650,38600,38550,38500,189,1083,830,3524,2233,209,947,2,540,2138,11695,5221,1,
000250,090306,1522281786.2341838,39050,39100,39150,39200,39250,39300,39350,39400,39450,39500,20,200,597,460,201,2864,5,71,12,791,39000,38900,38850,38800,38750,38700,38650,38600,38550,38500,240,1083,830,3524,2233,209,947,2,540,2138,11746,5221,1,
000250,090309,1522281789.3915439,39050,39100,39150,39200,39250,39300,39350,39400,39450,39500,20,200,597,460,201,2864,5,71,12,791,39000,38900,38850,38800,38750,38700,38650,38600,38550,38500,240,1083,830,3524,2233,209,947,2,540,2138,11746,5221,1,
000250,090310,1522281790.353845,39050,39100,39150,39200,39250,39300,39350,39400,39450,39500,20,200,597,460,201,2864,5,71,12,791,39000,38900,38850,38800,38750,38700,38650,38600,38550,38500,240,1083,888,3524,2233,209,947,2,540,2138,11804,5221,1,
000250,090311,1522281790.6935413,39050,39100,39150,39200,39250,39300,39350,39400,39450,39500,20,200,597,460,201,2864,5,71,12,791,39000,38900,38850,38800,38750,38700,38650,38600,38550,38500,240,1083,888,3524,2284,209,947,2,540,2138,11855,5221,1,
000250,090315,1522281795.6459916,39050,39100,39150,39200,39250,39300,39350,39400,39450,39500,20,200,597,460,201,2864,5,71,12,791,39000,38900,38850,38800,38750,38700,38650,38600,38550,38500,240,1083,888,3524,2284,209,947,2,540,2138,11855,5221,1,
000250,090316,1522281796.5342133,39050,39100,39150,39200,39250,39300,39350,39400,39450,39500,20,200,597,490,201,2864,5,41,12,791,39000,38900,38850,38800,38750,38700,38650,38600,38550,38500,240,1083,888,3524,2284,209,947,2,540,2138,11855,5221,1,
000250,090317,1522281796.9869766,39050,39100,39150,39200,39250,39300,39350,39400,39450,39500,20,200,597,490,201,2864,5,41,12,791,39000,38900,38850,38800,38750,38700,38650,38600,38550,38500,240,1083,888,3524,2284,209,947,2,540,2138,11855,5221,1,
000250,090318,1522281797.8295763,39050,39100,39150,39200,39250,39300,39350,39400,39450,39500,20,200,597,490,201,2864,5,41,12,791,39000,38900,38850,38800,38750,38700,38650,38600,38550,38500,240,1083,888,3524,2284,209,947,2,540,2138,11855,5221,1,
000250,090320,1522281800.515114,39050,39100,39150,39200,39250,39300,39350,39400,39450,39500,20,200,597,490,201,2864,5,41,12,791,39000,38900,38850,38800,38750,38700,38650,38600,38550,38500,240,1083,888,3524,2284,209,947,2,540,2138,11855,5221,1,
000250,090321,1522281800.9158425,39050,39100,39150,39200,39250,39300,39350,39400,39450,39500,20,200,597,490,201,2864,5,41,12,791,39000,38900,38850,38800,38750,38700,38650,38600,38550,38500,252,1083,888,3524,2284,209,947,2,540,2138,11867,5221,1,
000250,090323,1522281803.6534185,39050,39100,39150,39200,39250,39300,39350,39400,39450,39500,20,200,597,490,201,2864,5,41,12,791,39000,38900,38850,38800,38750,38700,38650,38600,38550,38500,52,1083,888,3524,2284,209,947,2,540,2138,11667,5221,1,
000250,090324,1522281804.3875666,39050,39100,39150,39200,39250,39300,39350,39400,39450,39500,20,200,597,490,201,2864,5,41,12,791,39000,38900,38850,38800,38750,38700,38650,38600,38550,38500,52,1083,888,3524,2284,209,947,2,540,2138,11667,5221,1,
000250,090325,1522281805.5645494,39050,39100,39150,39200,39250,39300,39350,39400,39450,39500,20,200,597,490,201,2864,5,41,12,921,39000,38900,38850,38800,38750,38700,38650,38600,38550,38500,96,1083,888,3524,2284,209,947,2,540,2138,11711,5351,1,
000250,090327,1522281807.0761752,39050,39100,39150,39200,39250,39300,39350,39400,39450,39500,20,200,597,490,201,2864,5,41,12,921,39000,38900,38850,38800,38750,38700,38650,38600,38550,38500,96,1083,888,524,2284,209,947,2,540,2138,8711,5351,1,
000250,090328,1522281808.252402,39050,39100,39150,39200,39250,39300,39350,39400,39450,39500,20,200,597,490,201,2864,5,41,12,921,39000,38900,38850,38800,38750,38700,38650,38600,38550,38500,96,1083,888,524,2284,209,947,2,540,2158,8731,5351,1,
000250,090329,1522281808.8648243,39000,39050,39100,39150,39200,39250,39300,39350,39400,39450,304,20,200,597,490,201,2864,5,41,12,38900,38850,38800,38750,38700,38650,38600,38550,38500,38450,1083,888,524,2284,209,947,2,540,2158,100,8735,4734,1,
000250,090334,1522281814.6865964,39000,39050,39100,39150,39200,39250,39300,39350,39400,39450,204,20,200,597,490,201,2864,5,41,12,38900,38850,38800,38750,38700,38650,38600,38550,38500,38450,1083,888,524,2284,209,947,2,540,2158,100,8735,4634,1,
000250,090337,1522281817.497487,39000,39050,39100,39150,39200,39250,39300,39350,39400,39450,232,20,200,597,490,201,2864,5,41,12,38900,38850,38800,38750,38700,38650,38600,38550,38500,38450,1083,888,524,2284,209,947,2,540,2158,100,8735,4662,1,
000250,090338,1522281818.1597397,38950,39000,39050,39100,39150,39200,39250,39300,39350,39400,1,232,20,200,597,490,201,2864,5,41,38900,38850,38800,38750,38700,38650,38600,38550,38500,38450,1083,888,524,2284,209,947,2,540,2158,100,8735,4651,1,
000250,090338,1522281818.507143,38950,39000,39050,39100,39150,39200,39250,39300,39350,39400,1,372,20,200,597,490,201,2864,5,41,38900,38850,38800,38750,38700,38650,38600,38550,38500,38450,1083,888,524,2284,209,947,2,540,2158,100,8735,4791,1,
000250,090340,1522281819.7903733,38950,39000,39050,39100,39150,39200,39250,39300,39350,39400,1,372,20,200,597,490,201,2864,5,41,38900,38850,38800,38750,38700,38650,38600,38550,38500,38450,1083,888,524,2284,209,947,2,540,2158,100,8735,4791,1,
000250,090343,1522281822.8380783,38950,39000,39050,39100,39150,39200,39250,39300,39350,39400,1,372,20,200,597,490,201,2864,5,41,38900,38850,38800,38750,38700,38650,38600,38550,38500,38450,1083,888,524,2284,209,947,2,540,2158,100,8735,4791,1,
000250,090344,1522281823.962482,38950,39000,39050,39100,39150,39200,39250,39300,39350,39400,1,372,20,200,597,490,201,2864,5,41,38900,38850,38800,38750,38700,38650,38600,38550,38500,38450,1083,888,524,2284,209,947,2,540,2158,100,8735,4791,1,
000250,090346,1522281826.046481,38950,39000,39050,39100,39150,39200,39250,39300,39350,39400,1,372,20,200,597,490,201,2864,5,41,38900,38850,38800,38750,38700,38650,38600,38550,38500,38450,1083,888,524,2284,209,947,2,540,2158,100,8735,4791,1,
000250,090348,1522281828.627149,39050,39100,39150,39200,39250,39300,39350,39400,39450,39500,20,200,597,490,201,2864,5,41,12,573,39000,38900,38850,38800,38750,38700,38650,38600,38550,38500,627,1083,888,524,2284,209,947,2,540,2158,9262,5003,1,
000250,090349,1522281828.8465507,39050,39100,39150,39200,39250,39300,39350,39400,39450,39500,20,200,597,490,201,2864,5,41,12,662,39000,38900,38850,38800,38750,38700,38650,38600,38550,38500,627,1083,888,524,2284,209,947,2,540,2158,9262,5092,1,
000250,090350,1522281830.5474877,39050,39100,39150,39200,39250,39300,39350,39400,39450,39500,20,200,597,490,201,2864,5,41,12,662,39000,38900,38850,38800,38750,38700,38650,38600,38550,38500,627,1083,888,524,2284,209,947,2,540,2158,9262,5092,1,
000250,090351,1522281830.8170307,39050,39100,39150,39200,39250,39300,39350,39400,39450,39500,20,200,597,490,201,2864,5,41,12,662,39000,38900,38850,38800,38750,38700,38650,38600,38550,38500,627,1083,888,524,2284,209,1007,2,540,2158,9322,5092,1,
000250,090354,1522281834.0124,39050,39100,39150,39200,39250,39300,39350,39400,39450,39500,35,200,597,490,201,2864,5,41,12,662,39000,38900,38850,38800,38750,38700,38650,38600,38550,38500,627,1083,888,524,2284,209,1007,2,540,2158,9322,5107,1,
000250,090354,1522281834.6322222,39050,39100,39150,39200,39250,39300,39350,39400,39450,39500,35,200,597,490,201,2864,5,41,12,662,39000,38900,38850,38800,38750,38700,38650,38600,38550,38500,627,1083,888,524,2284,209,1007,2,540,2158,9322,5107,1,
000250,090355,1522281835.5890603,39050,39100,39150,39200,39250,39300,39350,39400,39450,39500,35,200,597,490,201,2864,5,41,12,662,39000,38900,38850,38800,38750,38700,38650,38600,38550,38500,627,1065,888,524,2284,209,1007,2,540,2158,9304,5107,1,
000250,090358,1522281838.5595741,39050,39100,39150,39200,39250,39300,39350,39400,39450,39500,35,200,597,490,201,2864,5,41,12,662,39000,38900,38850,38800,38750,38700,38650,38600,38550,38500,877,1065,888,524,2284,209,1007,2,540,2158,9554,5107,1,
000250,090359,1522281839.185458,39050,39100,39150,39200,39250,39300,39350,39400,39450,39500,35,300,597,490,201,2864,5,41,12,662,39000,38900,38850,38800,38750,38700,38650,38600,38550,38500,877,1065,888,524,2284,209,1007,2,540,2158,9554,5207,1,
000250,090400,1522281840.2455544,39050,39100,39150,39200,39250,39300,39350,39400,39450,39500,35,300,597,490,201,2864,5,41,12,662,39000,38900,38850,38800,38750,38700,38650,38600,38550,38500,877,1065,888,524,2284,209,1007,2,540,2158,9554,5207,1,
000250,090403,1522281843.1161575,39050,39100,39150,39200,39250,39300,39350,39400,39450,39500,35,300,597,490,201,2864,5,41,12,662,39000,38900,38850,38800,38750,38700,38650,38600,38550,38500,877,1065,888,524,2284,209,1007,3,540,2158,9555,5207,1,
000250,090405,1522281845.4196146,39050,39100,39150,39200,39250,39300,39350,39400,39450,39500,35,300,597,490,201,2864,5,41,12,662,39000,38900,38850,38800,38750,38700,38650,38600,38550,38500,888,1065,888,524,2284,209,1007,73,540,2158,9636,5207,1,
000250,090406,1522281846.6478226,39050,39100,39150,39200,39250,39300,39350,39400,39450,39500,35,300,597,490,201,2864,5,41,12,662,39000,38900,38850,38800,38750,38700,38650,38600,38550,38500,888,1065,888,524,2284,209,1007,73,540,2158,9636,5207,1,
000250,090408,1522281847.7688057,39050,39100,39150,39200,39250,39300,39350,39400,39450,39500,35,300,597,490,201,2864,5,41,12,662,39000,38900,38850,38800,38750,38700,38650,38600,38550,38500,888,1065,888,524,2284,209,1007,73,540,2158,9636,5207,1,
000250,090408,1522281848.3919313,39050,39100,39150,39200,39250,39300,39350,39400,39450,39500,35,300,597,490,201,2864,5,41,12,662,39000,38900,38850,38800,38750,38700,38650,38600,38550,38500,888,1065,888,524,2284,209,1007,73,540,2158,9636,5207,1,
000250,090409,1522281849.0582354,39050,39100,39150,39200,39250,39300,39350,39400,39450,39500,36,300,597,490,201,2864,5,41,12,662,39000,38900,38850,38800,38750,38700,38650,38600,38550,38500,888,1065,888,524,2284,209,1007,73,540,2158,9636,5208,1,
000250,090412,1522281851.9409113,39050,39100,39150,39200,39250,39300,39350,39400,39450,39500,36,300,597,490,201,2864,5,41,12,662,39000,38900,38850,38800,38750,38700,38650,38600,38550,38500,887,1065,888,524,2284,209,1007,73,540,2158,9635,5208,1,
000250,090412,1522281852.5999181,39050,39100,39150,39200,39250,39300,39350,39400,39450,39500,1,300,597,490,201,2864,5,41,12,662,39000,38900,38850,38800,38750,38700,38650,38600,38550,38500,887,1065,888,524,2284,209,1007,73,540,2158,9635,5173,1,
000250,090413,1522281853.4985845,39050,39100,39150,39200,39250,39300,39350,39400,39450,39500,1,300,597,490,201,2864,5,41,12,662,39000,38900,38850,38800,38750,38700,38650,38600,38550,38500,887,1065,888,524,2284,209,1007,73,540,2158,9635,5173,1,
000250,090414,1522281854.1214645,39050,39100,39150,39200,39250,39300,39350,39400,39450,39500,1,300,597,490,201,2864,5,41,12,662,39000,38900,38850,38800,38750,38700,38650,38600,38550,38500,887,1065,888,524,2284,209,1007,73,540,2168,9645,5173,1,
000250,090415,1522281854.7401948,39050,39100,39150,39200,39250,39300,39350,39400,39450,39500,1,300,597,490,201,2864,5,41,12,662,39000,38900,38850,38800,38750,38700,38650,38600,38550,38500,907,1065,888,524,2284,209,1007,73,540,2168,9665,5173,1,
000250,090415,1522281855.4166183,39050,39100,39150,39200,39250,39300,39350,39400,39450,39500,1,300,597,490,201,2864,5,41,12,740,39000,38900,38850,38800,38750,38700,38650,38600,38550,38500,907,1065,888,524,2284,209,1007,73,540,2168,9665,5251,1,
000250,090417,1522281856.9346573,39050,39100,39150,39200,39250,39300,39350,39400,39450,39500,1,300,597,490,201,2864,5,41,12,740,39000,38900,38850,38800,38750,38700,38650,38600,38550,38500,907,1065,888,524,2259,209,1007,73,540,2168,9640,5251,1,
000250,090419,1522281859.3443658,39050,39100,39150,39200,39250,39300,39350,39400,39450,39500,1,300,597,490,201,2864,5,41,12,740,39000,38900,38850,38800,38750,38700,38650,38600,38550,38500,907,1065,888,524,2259,209,1007,73,540,2168,9640,5251,1,
000250,090421,1522281860.965982,39050,39100,39150,39200,39250,39300,39350,39400,39450,39500,1,305,592,490,201,2864,5,41,12,740,39000,38900,38850,38800,38750,38700,38650,38600,38550,38500,907,1065,888,524,2259,209,1007,73,540,2168,9640,5251,1,
000250,090422,1522281862.2665243,39050,39100,39150,39200,39250,39300,39350,39400,39450,39500,1,305,592,490,201,2864,5,41,12,740,39000,38900,38850,38800,38750,38700,38650,38600,38550,38500,907,1065,888,524,2259,209,1007,73,540,2168,9640,5251,1,
000250,090425,1522281865.1949599,39050,39100,39150,39200,39250,39300,39350,39400,39450,39500,1,305,592,490,201,2864,5,41,12,740,39000,38900,38850,38800,38750,38700,38650,38600,38550,38500,907,1065,888,524,2259,209,1007,73,540,2168,9640,5251,1,
000250,090429,1522281869.6218884,39050,39100,39150,39200,39250,39300,39350,39400,39450,39500,1,305,592,490,201,2864,5,41,12,740,39000,38900,38850,38800,38750,38700,38650,38600,38550,38500,908,1065,888,524,2259,209,1007,73,540,2168,9641,5251,1,
000250,090433,1522281873.6199882,39050,39100,39150,39200,39250,39300,39350,39400,39450,39500,1,305,592,490,201,2864,5,41,12,740,39000,38900,38850,38800,38750,38700,38650,38600,38550,38500,908,1091,888,524,2259,209,1007,73,540,2168,9667,5251,1,
000250,090435,1522281875.2356992,39100,39150,39200,39250,39300,39350,39400,39450,39500,39600,305,592,490,201,2864,5,41,12,740,59,39000,38900,38850,38800,38750,38700,38650,38600,38550,38500,908,1091,888,524,2259,209,1007,73,540,2168,9667,5309,1,
000250,090436,1522281876.2459135,39100,39150,39200,39250,39300,39350,39400,39450,39500,39600,305,592,490,201,2864,5,41,12,740,59,39000,38900,38850,38800,38750,38700,38650,38600,38550,38500,908,1091,888,524,2259,209,1007,73,540,2168,9667,5309,1,
000250,090437,1522281877.3679018,39050,39100,39150,39200,39250,39300,39350,39400,39450,39500,1,305,592,490,201,2864,5,41,12,740,39000,38900,38850,38800,38750,38700,38650,38600,38550,38500,908,1091,888,524,2259,209,1007,73,540,2168,9667,5251,1,
000250,090439,1522281879.3205662,39100,39150,39200,39250,39300,39350,39400,39450,39500,39600,305,592,490,201,2864,5,41,12,740,59,39050,39000,38900,38850,38800,38750,38700,38650,38600,38550,10,908,1091,888,524,2259,209,1007,73,540,7509,5309,1,
000250,090440,1522281879.9296412,39100,39150,39200,39250,39300,39350,39400,39450,39500,39600,305,592,490,201,2864,5,41,12,740,59,39050,39000,38900,38850,38800,38750,38700,38650,38600,38550,10,908,1091,888,524,2259,209,1007,73,540,7509,5309,1,
000250,090441,1522281881.5774176,39100,39150,39200,39250,39300,39350,39400,39450,39500,39600,305,592,490,201,2864,5,41,12,740,59,39050,39000,38900,38850,38800,38750,38700,38650,38600,38550,10,923,1091,888,524,2259,194,1007,73,540,7509,5309,1,
000250,090442,1522281882.1416516,39100,39150,39200,39250,39300,39350,39400,39450,39500,39600,311,592,490,201,2864,5,41,12,740,59,39050,39000,38900,38850,38800,38750,38700,38650,38600,38550,10,923,1091,888,524,2259,194,1007,73,540,7509,5315,1,
000250,090444,1522281884.238838,39050,39100,39150,39200,39250,39300,39350,39400,39450,39500,90,311,592,490,201,2864,5,41,12,740,39000,38900,38850,38800,38750,38700,38650,38600,38550,38500,923,1091,888,524,2259,194,1007,73,540,2168,9667,5346,1,
000250,090445,1522281884.7869174,39050,39100,39150,39200,39250,39300,39350,39400,39450,39500,87,311,592,490,201,2864,5,41,12,740,39000,38900,38850,38800,38750,38700,38650,38600,38550,38500,923,1091,888,524,2259,194,1007,73,540,2168,9667,5343,1,
000250,090446,1522281886.1452978,39050,39100,39150,39200,39250,39300,39350,39400,39450,39500,93,305,592,490,201,2864,5,41,12,740,39000,38900,38850,38800,38750,38700,38650,38600,38550,38500,923,1091,888,524,2259,194,1007,73,540,2168,9667,5343,1,
000250,090447,1522281887.268491,39100,39150,39200,39250,39300,39350,39400,39450,39500,39600,305,592,490,201,2864,5,41,12,740,59,39050,39000,38900,38850,38800,38750,38700,38650,38600,38550,207,923,1091,888,524,2259,194,1007,73,540,7706,5309,1,
000250,090451,1522281890.7000568,39100,39150,39200,39250,39300,39350,39400,39450,39500,39600,305,592,490,201,2864,5,41,12,740,59,39050,39000,38900,38850,38800,38750,38700,38650,38600,38550,227,903,1091,888,524,2259,194,1007,73,540,7706,5309,1,
000250,090452,1522281892.5543811,39100,39150,39200,39250,39300,39350,39400,39450,39500,39600,305,592,490,201,2864,5,41,12,740,59,39050,39000,38900,38850,38800,38750,38700,38650,38600,38550,392,903,1091,888,524,2259,194,1007,73,540,7871,5309,1,
000250,090456,1522281896.1158504,39100,39150,39200,39250,39300,39350,39400,39450,39500,39600,305,592,490,201,2864,5,41,12,740,59,39050,39000,38900,38850,38800,38750,38700,38650,38600,38550,392,903,1091,888,424,2259,194,1007,73,540,7771,5309,1,
000250,090456,1522281896.4475002,39100,39150,39200,39250,39300,39350,39400,39450,39500,39600,305,592,490,201,2864,5,41,12,740,59,39050,39000,38900,38850,38800,38750,38700,38650,38600,38550,397,903,1091,888,424,2259,194,1007,73,540,7776,5309,1,
000250,090457,1522281896.7300572,39100,39150,39200,39250,39300,39350,39400,39450,39500,39600,300,592,490,201,2864,5,41,12,740,59,39050,39000,38900,38850,38800,38750,38700,38650,38600,38550,392,903,1091,888,424,2259,194,1007,73,540,7771,5304,1,
000250,090457,1522281897.347247,39100,39150,39200,39250,39300,39350,39400,39450,39500,39600,300,592,490,201,2864,5,41,12,740,59,39050,39000,38900,38850,38800,38750,38700,38650,38600,38550,394,903,1091,888,424,2259,194,1007,73,540,7773,5304,1,
000250,090458,1522281897.7500327,39100,39150,39200,39250,39300,39350,39400,39450,39500,39600,600,592,490,201,2864,5,41,12,740,59,39050,39000,38900,38850,38800,38750,38700,38650,38600,38550,394,903,1091,888,424,2259,194,1007,73,540,7773,5604,1,
000250,090458,1522281898.528832,39100,39150,39200,39250,39300,39350,39400,39450,39500,39600,600,592,490,201,2864,5,41,12,740,59,39050,39000,38900,38850,38800,38750,38700,38650,38600,38550,449,903,1091,888,424,2259,194,1007,73,540,7828,5604,1,
000250,090500,1522281900.2903519,39100,39150,39200,39250,39300,39350,39400,39450,39500,39600,600,592,490,201,2864,5,41,12,740,59,39050,39000,38900,38850,38800,38750,38700,38650,38600,38550,449,903,1091,888,424,2259,194,1007,73,540,7828,5604,1,
000250,090502,1522281902.0947332,39100,39150,39200,39250,39300,39350,39400,39450,39500,39600,300,592,490,201,2864,5,41,12,740,59,39050,39000,38900,38850,38800,38750,38700,38650,38600,38550,447,903,1091,888,424,2259,194,1007,73,540,7826,5304,1,
000250,090504,1522281903.9321876,39100,39150,39200,39250,39300,39350,39400,39450,39500,39600,300,592,490,489,2864,5,41,12,740,59,39050,39000,38900,38850,38800,38750,38700,38650,38600,38550,447,903,1091,888,424,2259,194,1007,73,540,7826,5592,1,
000250,090508,1522281908.5373397,39100,39150,39200,39250,39300,39350,39400,39450,39500,39600,300,592,490,489,2864,5,41,12,740,59,39050,39000,38900,38850,38800,38750,38700,38650,38600,38550,447,903,1091,888,424,2259,194,1007,73,540,7826,5592,1,
000250,090509,1522281908.8687975,39100,39150,39200,39250,39300,39350,39400,39450,39500,39600,300,592,490,489,2864,5,41,12,740,59,39050,39000,38900,38850,38800,38750,38700,38650,38600,38550,547,903,1091,888,424,2259,194,1007,73,540,7926,5592,1,
000250,090513,1522281913.4841814,39100,39150,39200,39250,39300,39350,39400,39450,39500,39600,298,592,490,489,2864,5,41,12,740,59,39050,39000,38900,38850,38800,38750,38700,38650,38600,38550,545,903,1091,888,424,2259,194,1007,73,540,7924,5590,1,
000250,090515,1522281915.2191179,39100,39150,39200,39250,39300,39350,39400,39450,39500,39600,298,592,490,489,2864,5,41,12,740,59,39050,39000,38900,38850,38800,38750,38700,38650,38600,38550,545,903,1091,888,424,2259,194,1007,73,540,7924,5590,1,
000250,090516,1522281916.2976701,39100,39150,39200,39250,39300,39350,39400,39450,39500,39600,298,592,490,489,2864,5,41,12,740,59,39050,39000,38900,38850,38800,38750,38700,38650,38600,38550,545,903,1091,888,424,2259,194,1007,73,540,7924,5590,1,
000250,090518,1522281917.8727868,39100,39150,39200,39250,39300,39350,39400,39450,39500,39600,298,592,490,509,2864,5,41,12,740,59,39050,39000,38900,38850,38800,38750,38700,38650,38600,38550,545,903,1091,888,424,2259,194,1007,73,540,7924,5610,1,
000250,090518,1522281918.1977334,39100,39150,39200,39250,39300,39350,39400,39450,39500,39600,298,592,490,509,2864,5,41,12,740,59,39050,39000,38900,38850,38800,38750,38700,38650,38600,38550,545,903,1091,888,424,2259,194,1007,73,540,7924,5610,1,
000250,090520,1522281919.886763,39100,39150,39200,39250,39300,39350,39400,39450,39500,39600,298,592,490,509,2864,5,41,12,740,59,39050,39000,38900,38850,38800,38750,38700,38650,38600,38550,560,903,1091,888,424,2259,194,1007,73,540,7939,5610,1,
000250,090523,1522281922.919771,39150,39200,39250,39300,39350,39400,39450,39500,39600,39700,592,490,509,2864,5,41,12,740,59,700,39100,39050,39000,38900,38850,38800,38750,38700,38650,38600,2,571,892,1091,888,424,2259,194,1007,73,7401,6012,1,
000250,090524,1522281924.3284965,39150,39200,39250,39300,39350,39400,39450,39500,39600,39700,592,490,509,2864,5,41,12,740,59,700,39100,39050,39000,38900,38850,38800,38750,38700,38650,38600,2,571,892,1091,888,624,2259,194,1007,73,7601,6012,1,
000250,090525,1522281925.1591034,39150,39200,39250,39300,39350,39400,39450,39500,39600,39700,592,490,509,2864,5,41,12,740,59,700,39100,39050,39000,38900,38850,38800,38750,38700,38650,38600,2,571,892,1091,888,624,2259,194,1007,73,7601,6012,1,
000250,090525,1522281925.4437015,39150,39200,39250,39300,39350,39400,39450,39500,39600,39700,592,490,509,2864,5,41,12,740,59,700,39100,39050,39000,38900,38850,38800,38750,38700,38650,38600,1244,571,892,1091,888,624,2259,194,1007,73,8843,6012,1,
000250,090526,1522281925.9511814,39150,39200,39250,39300,39350,39400,39450,39500,39600,39700,592,490,509,2864,5,41,12,740,59,700,39100,39050,39000,38900,38850,38800,38750,38700,38650,38600,1244,571,892,1091,888,624,2259,194,1007,73,8843,6012,1,
000250,090526,1522281926.6237864,39150,39200,39250,39300,39350,39400,39450,39500,39600,39700,592,490,509,2864,5,41,12,740,59,700,39100,39050,39000,38900,38850,38800,38750,38700,38650,38600,1244,571,892,1091,888,624,2259,197,1007,73,8846,6012,1,
000250,090527,1522281927.456436,39150,39200,39250,39300,39350,39400,39450,39500,39600,39700,593,490,509,2864,5,41,12,740,59,700,39100,39050,39000,38900,38850,38800,38750,38700,38650,38600,1244,571,892,1091,888,624,2259,197,1007,73,8846,6013,1,
000250,090528,1522281927.8596902,39150,39200,39250,39300,39350,39400,39450,39500,39600,39700,593,490,509,2864,5,41,12,740,59,700,39100,39050,39000,38900,38850,38800,38750,38700,38650,38600,1279,536,892,1091,888,624,2259,197,1007,73,8846,6013,1,
000250,090528,1522281928.0685923,39150,39200,39250,39300,39350,39400,39450,39500,39600,39700,594,490,509,2864,5,41,12,740,59,700,39100,39050,39000,38900,38850,38800,38750,38700,38650,38600,1279,536,892,1091,888,624,2259,197,1007,73,8846,6014,1,
000250,090529,1522281929.1887805,39150,39200,39250,39300,39350,39400,39450,39500,39600,39700,602,490,509,2864,5,41,12,740,59,700,39100,39050,39000,38900,38850,38800,38750,38700,38650,38600,1279,536,892,1091,888,624,2259,197,1007,73,8846,6022,1,
000250,090529,1522281929.5874627,39150,39200,39250,39300,39350,39400,39450,39500,39600,39700,602,490,509,2864,5,41,12,735,59,700,39100,39050,39000,38900,38850,38800,38750,38700,38650,38600,1274,536,892,1091,888,624,2259,197,1007,73,8841,6017,1,
000250,090531,1522281930.7177188,39150,39200,39250,39300,39350,39400,39450,39500,39600,39700,602,490,709,2864,5,41,12,735,59,700,39100,39050,39000,38900,38850,38800,38750,38700,38650,38600,1274,536,892,1091,888,624,2259,197,1007,73,8841,6217,1,
000250,090532,1522281932.5573156,39200,39250,39300,39350,39400,39450,39500,39600,39700,39750,490,709,2864,5,41,12,735,59,700,6,39100,39050,39000,38900,38850,38800,38750,38700,38650,38600,1274,536,892,1091,888,624,2259,197,1007,73,8841,5621,1,
000250,090533,1522281933.1711717,39200,39250,39300,39350,39400,39450,39500,39600,39700,39750,490,710,2864,5,41,12,735,59,700,6,39100,39050,39000,38900,38850,38800,38750,38700,38650,38600,1274,536,892,1091,888,624,2259,197,1007,73,8841,5622,1,
000250,090533,1522281933.4447281,39200,39250,39300,39350,39400,39450,39500,39600,39700,39750,490,710,2864,5,41,12,735,59,700,6,39150,39100,39050,39000,38900,38850,38800,38750,38700,38650,500,1274,536,892,1091,888,624,2259,197,1007,9268,5622,1,
000250,090534,1522281933.8354933,39200,39250,39300,39350,39400,39450,39500,39600,39700,39750,490,710,2864,5,41,12,735,59,700,6,39150,39100,39050,39000,38900,38850,38800,38750,38700,38650,535,1239,536,892,1091,888,624,2259,197,1007,9268,5622,1,
000250,090535,1522281934.9624913,39200,39250,39300,39350,39400,39450,39500,39600,39700,39750,489,710,2864,5,41,12,735,59,700,6,39150,39100,39050,39000,38900,38850,38800,38750,38700,38650,530,1239,536,892,1091,888,624,2259,197,1007,9263,5621,1,
000250,090536,1522281935.9213436,39200,39250,39300,39350,39400,39450,39500,39600,39700,39750,489,710,2864,5,41,12,735,59,700,6,39150,39100,39050,39000,38900,38850,38800,38750,38700,38650,530,1239,536,892,1091,888,624,2259,197,1007,9263,5621,1,
000250,090538,1522281937.8848207,39200,39250,39300,39350,39400,39450,39500,39600,39700,39750,489,710,2864,5,41,12,735,59,700,6,39150,39100,39050,39000,38900,38850,38800,38750,38700,38650,530,1239,536,892,1091,888,624,2259,197,1007,9263,5621,1,
000250,090539,1522281938.787949,39200,39250,39300,39350,39400,39450,39500,39600,39700,39750,184,710,2864,5,41,12,735,59,700,6,39150,39100,39050,39000,38900,38850,38800,38750,38700,38650,530,1239,536,892,1091,888,624,2259,197,1007,9263,5316,1,
000250,090539,1522281939.111693,39200,39250,39300,39350,39400,39450,39500,39600,39700,39750,185,709,2864,5,41,12,735,59,700,6,39150,39100,39050,39000,38900,38850,38800,38750,38700,38650,530,1239,481,892,1091,888,624,2259,197,1007,9208,5316,1,
000250,090539,1522281939.341216,39200,39250,39300,39350,39400,39450,39500,39600,39700,39750,185,709,2864,5,41,12,735,59,700,6,39150,39100,39050,39000,38900,38850,38800,38750,38700,38650,530,1239,481,892,1091,888,624,2259,197,1007,9208,5316,1,
000250,090539,1522281939.6164114,39200,39250,39300,39350,39400,39450,39500,39600,39700,39750,185,709,2864,5,41,12,735,59,700,6,39150,39100,39050,39000,38900,38850,38800,38750,38700,38650,530,1239,481,892,1091,891,624,2259,197,1007,9211,5316,1,
000250,090540,1522281940.2896996,39200,39250,39300,39350,39400,39450,39500,39600,39700,39750,185,709,2864,5,41,12,735,59,700,6,39150,39100,39050,39000,38900,38850,38800,38750,38700,38650,530,1239,481,892,1091,891,624,2259,197,1007,9211,5316,1,
000250,090540,1522281940.5769136,39200,39250,39300,39350,39400,39450,39500,39600,39700,39750,185,709,2864,5,41,12,735,59,700,6,39150,39100,39050,39000,38900,38850,38800,38750,38700,38650,530,1239,481,892,1091,891,624,2259,197,1007,9211,5316,1,
000250,090544,1522281944.2251835,39250,39300,39350,39400,39450,39500,39600,39700,39750,39800,709,2864,5,41,12,735,59,700,6,716,39200,39150,39100,39050,39000,38900,38850,38800,38750,38700,80,530,1239,481,892,1091,891,624,2259,197,8284,5847,1,
000250,090544,1522281944.4516563,39250,39300,39350,39400,39450,39500,39600,39700,39750,39800,709,2864,5,41,12,835,59,700,6,716,39200,39150,39100,39050,39000,38900,38850,38800,38750,38700,80,530,1239,481,892,1091,891,624,2259,197,8284,5947,1,
000250,090545,1522281945.235622,39250,39300,39350,39400,39450,39500,39600,39700,39750,39800,709,2864,5,41,12,835,59,700,6,716,39200,39150,39100,39050,39000,38900,38850,38800,38750,38700,265,530,1239,481,892,1091,891,624,2259,197,8469,5947,1,
000250,090546,1522281945.9091434,39250,39300,39350,39400,39450,39500,39600,39700,39750,39800,709,2864,5,41,12,835,59,700,6,716,39200,39150,39100,39050,39000,38900,38850,38800,38750,38700,265,530,1239,481,642,1091,891,624,2259,197,8219,5947,1,
000250,090546,1522281946.1852682,39250,39300,39350,39400,39450,39500,39600,39700,39750,39800,709,2864,5,41,12,835,59,700,6,716,39200,39150,39100,39050,39000,38900,38850,38800,38750,38700,185,530,1239,481,642,1091,891,624,2259,197,8139,5947,1,
000250,090547,1522281946.8089354,39250,39300,39350,39400,39450,39500,39600,39700,39750,39800,709,2864,5,41,12,835,59,700,6,716,39200,39150,39100,39050,39000,38900,38850,38800,38750,38700,220,495,1239,481,642,1091,891,624,2259,197,8139,5947,1,
000250,090548,1522281948.3205655,39250,39300,39350,39400,39450,39500,39600,39700,39750,39800,709,2864,5,41,12,835,59,700,6,716,39200,39150,39100,39050,39000,38900,38850,38800,38750,38700,246,495,1239,481,642,1091,891,624,2259,197,8165,5947,1,
000250,090551,1522281951.4155798,39250,39300,39350,39400,39450,39500,39600,39700,39750,39800,709,2864,105,41,12,835,59,700,6,716,39200,39150,39100,39050,39000,38900,38850,38800,38750,38700,246,495,1239,481,642,1091,891,624,2259,197,8165,6047,1,
000250,090552,1522281952.134894,39250,39300,39350,39400,39450,39500,39600,39700,39750,39800,654,2864,105,41,12,835,59,700,6,716,39200,39150,39100,39050,39000,38900,38850,38800,38750,38700,246,495,1239,481,642,1091,891,624,2259,197,8165,5992,1,
000250,090555,1522281955.0505576,39250,39300,39350,39400,39450,39500,39600,39700,39750,39800,654,2864,105,41,12,835,59,700,6,716,39200,39150,39100,39050,39000,38900,38850,38800,38750,38700,246,505,1239,481,642,1091,891,624,2259,197,8175,5992,1,
000250,090556,1522281955.9598613,39250,39300,39350,39400,39450,39500,39600,39700,39750,39800,654,2864,105,41,12,835,59,700,6,716,39200,39150,39100,39050,39000,38900,38850,38800,38750,38700,773,505,1239,481,642,1091,891,624,2259,197,8702,5992,1,
000250,090558,1522281957.8218746,39250,39300,39350,39400,39450,39500,39600,39700,39750,39800,659,2864,105,41,12,835,59,700,6,716,39200,39150,39100,39050,39000,38900,38850,38800,38750,38700,773,505,1239,481,642,1091,891,624,2259,197,8702,5997,1,
000250,090558,1522281958.665277,39300,39350,39400,39450,39500,39600,39700,39750,39800,39850,2864,105,41,12,835,59,700,6,716,6,39250,39200,39150,39100,39050,39000,38900,38850,38800,38750,450,773,505,1239,481,642,1091,891,624,2259,8955,5344,1,
000250,090559,1522281958.9547997,39300,39350,39400,39450,39500,39600,39700,39750,39800,39850,2864,105,41,12,835,59,700,6,716,6,39250,39200,39150,39100,39050,39000,38900,38850,38800,38750,485,738,505,1239,481,642,1091,891,624,2259,8955,5344,1,
000250,090600,1522281959.9642527,39300,39350,39400,39450,39500,39600,39700,39750,39800,39850,2864,105,41,12,835,59,700,6,716,6,39250,39200,39150,39100,39050,39000,38900,38850,38800,38750,485,738,515,1239,481,642,1091,891,624,2259,8965,5344,1,
000250,090601,1522281961.3187873,39300,39350,39400,39450,39500,39600,39700,39750,39800,39850,2878,105,41,12,835,59,700,6,716,6,39250,39200,39150,39100,39050,39000,38900,38850,38800,38750,485,738,515,1239,481,642,1091,891,624,2259,8965,5358,1,
000250,090601,1522281961.5441985,39350,39400,39450,39500,39600,39700,39750,39800,39850,39900,105,41,12,835,59,700,6,716,6,1905,39300,39250,39200,39150,39100,39050,39000,38900,38850,38800,1000,35,738,515,1239,481,642,1091,891,624,7256,4385,1,
000250,090602,1522281961.8197298,39400,39450,39500,39600,39700,39750,39800,39850,39900,39950,41,12,835,59,700,6,716,6,1905,1279,39300,39250,39200,39150,39100,39050,39000,38900,38850,38800,1000,35,738,515,1239,481,642,1091,891,624,7256,5559,1,
000250,090604,1522281964.3987398,39400,39450,39500,39600,39700,39750,39800,39850,39900,39950,41,12,952,59,700,6,716,6,1905,1279,39300,39250,39200,39150,39100,39050,39000,38900,38850,38800,1000,35,738,515,1239,481,642,1091,891,624,7256,5676,1,
000250,090604,1522281964.693316,39450,39500,39600,39700,39750,39800,39850,39900,39950,40000,12,952,59,700,6,716,6,1905,1279,3702,39350,39300,39250,39200,39150,39100,39050,39000,38900,38850,50,1000,35,738,515,1239,481,642,1091,891,6682,9337,1,
000250,090606,1522281965.7543175,39450,39500,39600,39700,39750,39800,39850,39900,39950,40000,12,952,59,700,6,716,6,1905,1279,3702,39350,39300,39250,39200,39150,39100,39050,39000,38900,38850,50,1000,35,738,515,1249,481,642,1091,891,6692,9337,1,
000250,090607,1522281966.7064397,39400,39450,39500,39600,39700,39750,39800,39850,39900,39950,500,12,952,59,700,6,716,6,1905,1279,39350,39300,39250,39200,39150,39100,39050,39000,38900,38850,50,1000,35,738,515,1249,481,642,1091,891,6692,6135,1,
000250,090607,1522281966.9867098,39400,39450,39500,39600,39700,39750,39800,39850,39900,39950,500,12,952,59,700,6,716,6,1905,1279,39350,39300,39200,39150,39100,39050,39000,38900,38850,38800,53,1000,738,515,1249,481,642,1091,891,624,7284,6135,1,
000250,090607,1522281967.5528467,39400,39450,39500,39600,39700,39750,39800,39850,39900,39950,498,12,952,59,700,6,716,6,1905,1279,39350,39300,39200,39150,39100,39050,39000,38900,38850,38800,53,1000,738,515,1249,481,642,1091,891,624,7284,6133,1,
000250,090609,1522281968.9465163,39400,39450,39500,39600,39700,39750,39800,39850,39900,39950,498,13,952,59,700,6,716,6,1905,1279,39350,39300,39200,39150,39100,39050,39000,38900,38850,38800,53,1000,738,515,1249,481,642,1091,891,624,7284,6134,1,
000250,090609,1522281969.2320776,39400,39450,39500,39550,39600,39700,39750,39800,39850,39900,498,8,952,5,59,700,6,716,6,1905,39350,39300,39200,39150,39100,39050,39000,38900,38850,38800,53,1000,738,515,1249,481,642,1091,891,624,7284,4855,1,
000250,090610,1522281970.3136003,39400,39450,39500,39550,39600,39700,39750,39800,39850,39900,478,8,952,5,59,700,6,716,6,1905,39350,39300,39200,39150,39100,39050,39000,38900,38850,38800,53,1000,738,515,1249,481,642,1091,891,624,7284,4835,1,
000250,090610,1522281970.5261812,39400,39450,39500,39550,39600,39650,39700,39750,39800,39850,478,8,952,5,59,1,700,6,716,6,39350,39300,39200,39150,39100,39050,39000,38900,38850,38800,53,1000,738,515,1249,481,642,1091,891,624,7284,2931,1,
000250,090612,1522281971.769978,39400,39450,39500,39550,39600,39650,39700,39750,39800,39850,478,8,952,5,59,1,700,6,716,6,39350,39300,39200,39150,39100,39050,39000,38900,38850,38800,53,1000,738,515,1249,481,642,1091,891,624,7284,2931,1,
000250,090612,1522281972.3833206,39400,39450,39500,39550,39600,39650,39700,39750,39800,39850,478,8,952,5,59,1,700,6,716,6,39350,39300,39200,39150,39100,39050,39000,38900,38850,38800,53,1000,738,515,1249,481,642,1091,891,624,7284,2931,1,
000250,090613,1522281973.275147,39400,39450,39500,39550,39600,39650,39700,39750,39800,39850,478,8,952,5,59,1,700,6,716,6,39350,39300,39200,39150,39100,39050,39000,38900,38850,38800,53,1000,738,515,1249,481,642,1091,891,624,7284,2931,1,
000250,090613,1522281973.4993215,39400,39450,39500,39550,39600,39650,39700,39750,39800,39850,478,8,953,5,59,1,700,6,716,6,39350,39300,39200,39150,39100,39050,39000,38900,38850,38800,53,1000,738,515,1249,481,642,1091,891,624,7284,2932,1,
000250,090614,1522281973.7878885,39400,39450,39500,39550,39600,39650,39700,39750,39800,39850,478,8,806,5,59,1,700,6,716,6,39350,39300,39200,39150,39100,39050,39000,38900,38850,38800,53,1000,738,515,1249,481,642,1091,891,624,7284,2785,1,
000250,090615,1522281974.7918427,39400,39450,39500,39550,39600,39650,39700,39750,39800,39850,483,8,806,5,59,1,700,6,716,6,39350,39300,39200,39150,39100,39050,39000,38900,38850,38800,53,1000,738,515,1249,481,642,1091,891,624,7284,2790,1,
000250,090615,1522281975.2958226,39400,39450,39500,39550,39600,39650,39700,39750,39800,39850,483,8,806,5,59,1,700,6,716,6,39350,39300,39200,39150,39100,39050,39000,38900,38850,38800,53,1000,738,515,1249,481,662,1091,891,624,7304,2790,1,
000250,090615,1522281975.5801587,39400,39450,39500,39550,39600,39650,39700,39750,39800,39850,484,8,806,5,59,1,700,6,716,6,39350,39300,39200,39150,39100,39050,39000,38900,38850,38800,53,1000,738,515,1249,481,662,1091,891,624,7304,2791,1,
000250,090616,1522281975.8577015,39400,39450,39500,39550,39600,39650,39700,39750,39800,39850,484,8,806,5,59,1,700,6,716,6,39350,39300,39200,39150,39100,39050,39000,38900,38850,38800,53,1000,738,515,1249,481,662,1091,891,624,7304,2791,1,
000250,090616,1522281976.640197,39400,39450,39500,39550,39600,39650,39700,39750,39800,39850,484,8,806,5,59,1,700,6,716,6,39350,39300,39200,39150,39100,39050,39000,38900,38850,38800,52,1000,738,515,1249,481,662,1091,891,624,7303,2791,1,
000250,090618,1522281977.654634,39400,39450,39500,39550,39600,39650,39700,39750,39800,39850,484,8,806,6,59,101,700,6,716,6,39350,39300,39200,39150,39100,39050,39000,38900,38850,38800,52,1000,738,515,1249,481,662,1091,891,624,7303,2892,1,
000250,090618,1522281978.495998,39400,39450,39500,39550,39600,39650,39700,39750,39800,39850,472,8,806,6,59,101,700,6,716,6,39350,39300,39200,39150,39100,39050,39000,38900,38850,38800,52,1000,748,515,1249,481,662,1091,891,624,7313,2880,1,
000250,090619,1522281978.990451,39400,39450,39500,39550,39600,39650,39700,39750,39800,39850,472,8,806,6,59,101,700,6,716,6,39350,39300,39200,39150,39100,39050,39000,38900,38850,38800,52,1000,748,515,1249,481,662,1091,891,624,7313,2880,1,
000250,090619,1522281979.5543785,39400,39450,39500,39550,39600,39650,39700,39750,39800,39850,472,8,806,6,59,101,700,6,716,510,39350,39300,39200,39150,39100,39050,39000,38900,38850,38800,52,1000,748,515,1249,481,662,1091,891,624,7313,3384,1,
000250,090620,1522281979.8879972,39400,39450,39500,39550,39600,39650,39700,39750,39800,39850,472,8,806,6,59,101,700,6,716,510,39350,39300,39200,39150,39100,39050,39000,38900,38850,38800,52,1000,748,515,1249,481,662,1091,891,624,7313,3384,1,
000250,090620,1522281980.1745198,39400,39450,39500,39550,39600,39650,39700,39750,39800,39850,472,8,806,6,59,101,700,6,716,510,39350,39300,39200,39150,39100,39050,39000,38900,38850,38800,52,1050,748,515,1249,481,662,1091,891,624,7363,3384,1,
000250,090622,1522281982.0767748,39400,39450,39500,39550,39600,39650,39700,39750,39800,39850,472,8,806,6,59,101,700,6,716,510,39350,39300,39200,39150,39100,39050,39000,38900,38850,38800,52,1050,748,515,1249,481,662,1091,891,624,7363,3384,1,
000250,090622,1522281982.3031673,39400,39450,39500,39550,39600,39650,39700,39750,39800,39850,472,8,806,6,59,101,700,6,716,510,39350,39300,39200,39150,39100,39050,39000,38900,38850,38800,52,1050,748,515,10,481,662,1091,891,624,6124,3384,1,
000250,090623,1522281982.9197948,39400,39450,39500,39550,39600,39650,39700,39750,39800,39850,472,8,806,6,59,101,700,6,716,510,39350,39300,39200,39150,39100,39050,39000,38900,38850,38800,57,1050,221,515,10,481,662,1091,891,624,5602,3384,1,
000250,090623,1522281983.367102,39400,39450,39500,39550,39600,39650,39700,39750,39800,39850,472,8,806,6,59,101,700,6,716,510,39350,39300,39200,39150,39100,39050,39000,38900,38850,38800,157,1050,221,515,10,481,662,1091,891,624,5702,3384,1,
000250,090625,1522281984.8239694,39450,39500,39550,39600,39650,39700,39750,39800,39850,39900,8,806,6,59,101,700,6,716,510,1897,39400,39350,39300,39200,39150,39100,39050,39000,38900,38850,23,157,1050,221,20,10,481,662,1091,891,4606,4809,1,
000250,090626,1522281986.4553485,39450,39500,39550,39600,39650,39700,39750,39800,39850,39900,8,806,6,59,101,700,6,716,510,1897,39400,39350,39300,39200,39150,39100,39050,39000,38900,38850,23,157,1050,221,20,10,481,662,1091,891,4606,4809,1,
000250,090627,1522281986.6865923,39450,39500,39550,39600,39650,39700,39750,39800,39850,39900,18,806,6,59,101,700,6,716,510,1897,39400,39350,39300,39200,39150,39100,39050,39000,38900,38850,23,157,1050,221,20,10,481,662,1091,891,4606,4819,1,
000250,090627,1522281986.9581153,39450,39500,39550,39600,39650,39700,39750,39800,39850,39900,18,806,6,59,101,700,6,716,510,1897,39400,39350,39300,39200,39150,39100,39050,39000,38900,38850,75,105,1050,221,20,10,481,662,1091,891,4606,4819,1,
000250,090627,1522281987.4046824,39450,39500,39550,39600,39650,39700,39750,39800,39850,39900,18,806,6,59,101,700,6,716,510,1907,39400,39350,39300,39200,39150,39100,39050,39000,38900,38850,75,105,1050,221,20,10,481,662,1091,891,4606,4829,1,
000250,090628,1522281988.308063,39450,39500,39550,39600,39650,39700,39750,39800,39850,39900,18,806,6,59,101,700,6,716,510,1907,39400,39350,39300,39200,39150,39100,39050,39000,38900,38850,125,105,1050,221,20,10,481,662,1091,891,4656,4829,1,
000250,090630,1522281989.8732188,39450,39500,39550,39600,39650,39700,39750,39800,39850,39900,20,806,6,59,101,700,6,716,510,1907,39400,39350,39300,39200,39150,39100,39050,39000,38900,38850,125,105,1050,221,20,10,481,662,1091,891,4656,4831,1,
000250,090631,1522281990.7829585,39450,39500,39550,39600,39650,39700,39750,39800,39850,39900,20,806,6,59,101,700,6,716,510,1907,39400,39350,39300,39200,39150,39100,39050,39000,38900,38850,125,105,1050,221,20,10,481,662,1091,571,4336,4831,1,
000250,090631,1522281991.4470263,39450,39500,39550,39600,39650,39700,39750,39800,39850,39900,20,806,6,59,101,700,6,716,510,1907,39400,39350,39300,39200,39150,39100,39050,39000,38900,38850,135,105,1050,221,20,10,481,662,1091,571,4346,4831,1,
000250,090631,1522281991.670451,39450,39500,39550,39600,39650,39700,39750,39800,39850,39900,20,806,6,59,101,700,6,716,510,1907,39400,39350,39300,39200,39150,39100,39050,39000,38900,38850,135,105,1050,221,20,10,481,662,1091,571,4346,4831,1,
000250,090633,1522281992.7391155,39450,39500,39550,39600,39650,39700,39750,39800,39850,39900,18,806,6,59,103,700,6,716,510,1907,39400,39350,39300,39200,39150,39100,39050,39000,38900,38850,135,105,1050,221,20,10,481,662,1091,571,4346,4831,1,
000250,090634,1522281993.8150733,39450,39500,39550,39600,39650,39700,39750,39800,39850,39900,18,806,6,59,103,700,6,716,510,1907,39400,39350,39300,39200,39150,39100,39050,39000,38900,38850,135,105,1050,221,20,10,481,662,1091,571,4346,4831,1,
000250,090634,1522281994.3692374,39450,39500,39550,39600,39650,39700,39750,39800,39850,39900,18,806,6,59,103,700,6,716,510,1907,39400,39350,39300,39200,39150,39100,39050,39000,38900,38850,135,5,1050,226,20,10,481,662,1091,571,4251,4831,1,
000250,090636,1522281995.9425547,39450,39500,39550,39600,39650,39700,39750,39800,39850,39900,18,806,6,59,103,700,6,716,510,1967,39400,39350,39300,39200,39150,39100,39050,39000,38900,38850,135,5,1050,226,20,10,481,662,1091,571,4251,4891,1,
000250,090637,1522281996.799766,39450,39500,39550,39600,39650,39700,39750,39800,39850,39900,18,806,1,59,103,705,6,716,510,1967,39400,39350,39300,39200,39150,39100,39050,39000,38900,38850,135,5,1050,226,20,10,481,662,1091,571,4251,4891,1,
000250,090640,1522282000.3278356,39450,39500,39550,39600,39650,39700,39750,39800,39850,39900,19,806,1,59,103,705,6,716,510,1967,39400,39350,39300,39200,39150,39100,39050,39000,38900,38850,135,5,1050,226,20,10,481,662,1091,571,4251,4892,1,
000250,090641,1522282000.7756972,39450,39500,39550,39600,39650,39700,39750,39800,39850,39900,19,806,1,59,103,705,6,716,510,1967,39400,39350,39300,39200,39150,39100,39050,39000,38900,38850,135,5,1065,226,20,10,481,647,1091,571,4251,4892,1,
000250,090641,1522282001.1784797,39450,39500,39550,39600,39650,39700,39750,39800,39850,39900,19,806,1,59,103,705,6,716,510,1967,39400,39350,39300,39200,39150,39100,39050,39000,38900,38850,135,5,1065,226,20,10,481,647,1091,571,4251,4892,1,
000250,090641,1522282001.6313014,39450,39500,39550,39600,39650,39700,39750,39800,39850,39900,19,806,1,54,103,705,6,716,510,1972,39400,39350,39300,39200,39150,39100,39050,39000,38900,38850,135,30,1065,226,20,10,481,647,1091,571,4276,4892,1,
000250,090642,1522282002.2956135,39450,39500,39550,39600,39650,39700,39750,39800,39850,39900,25,806,1,54,103,705,6,716,510,1972,39400,39350,39300,39200,39150,39100,39050,39000,38900,38850,135,30,1065,226,20,10,481,647,1091,571,4276,4898,1,
000250,090644,1522282004.3745365,39450,39500,39550,39600,39650,39700,39750,39800,39850,39900,25,806,1,54,103,705,6,716,510,1972,39400,39350,39300,39200,39150,39100,39050,39000,38900,38850,135,130,1065,226,20,10,481,647,1091,571,4376,4898,1,
000250,090646,1522282005.8393438,39450,39500,39550,39600,39650,39700,39750,39800,39850,39900,25,806,1,54,103,705,6,716,510,2330,39400,39350,39300,39200,39150,39100,39050,39000,38900,38850,135,130,1065,226,20,10,481,647,1091,571,4376,5256,1,
000250,090646,1522282006.289231,39450,39500,39550,39600,39650,39700,39750,39800,39850,39900,15,806,1,54,103,705,6,716,510,2330,39400,39350,39300,39200,39150,39100,39050,39000,38900,38850,135,130,1065,226,20,10,481,647,1091,571,4376,5246,1,
000250,090646,1522282006.5086396,39450,39500,39550,39600,39650,39700,39750,39800,39850,39900,15,806,1,54,103,705,6,716,510,2330,39400,39350,39300,39200,39150,39100,39050,39000,38900,38850,135,130,1065,226,20,10,481,647,1091,571,4376,5246,1,
000250,090647,1522282006.7370505,39450,39500,39550,39600,39650,39700,39750,39800,39850,39900,15,806,1,54,103,705,6,716,510,2330,39400,39350,39300,39200,39150,39100,39050,39000,38900,38850,135,130,1065,226,20,10,476,647,1091,571,4371,5246,1,
000250,090648,1522282008.0797415,39450,39500,39550,39600,39650,39700,39750,39800,39850,39900,15,806,1,54,103,705,6,716,510,2230,39400,39350,39300,39200,39150,39100,39050,39000,38900,38850,135,130,1065,226,20,10,476,647,1091,571,4371,5146,1,
000250,090648,1522282008.6417978,39450,39500,39550,39600,39650,39700,39750,39800,39850,39900,15,806,1,54,103,705,6,716,510,2230,39400,39350,39300,39200,39150,39100,39050,39000,38900,38850,135,130,1065,226,20,10,476,647,1091,571,4371,5146,1,
000250,090649,1522282008.871885,39450,39500,39550,39600,39650,39700,39750,39800,39850,39900,15,806,1,154,103,705,6,716,510,2230,39400,39350,39300,39200,39150,39100,39050,39000,38900,38850,135,130,1065,226,20,10,476,647,1091,571,4371,5246,1,
000250,090649,1522282009.264651,39450,39500,39550,39600,39650,39700,39750,39800,39850,39900,15,806,1,159,103,705,1,716,510,2230,39400,39350,39300,39200,39150,39100,39050,39000,38900,38850,135,130,1065,226,20,10,476,647,1091,571,4371,5246,1,
000250,090650,1522282009.7571557,39450,39500,39550,39600,39650,39700,39750,39800,39850,39900,14,806,1,159,103,705,1,716,510,2230,39400,39350,39300,39200,39150,39100,39050,39000,38900,38850,135,130,1065,226,20,10,476,647,1091,571,4371,5245,1,
000250,090650,1522282010.2084777,39450,39500,39550,39600,39650,39700,39750,39800,39850,39900,114,806,1,159,103,705,1,716,510,2230,39400,39350,39300,39200,39150,39100,39050,39000,38900,38850,135,130,1065,226,20,10,476,647,1091,571,4371,5345,1,
000250,090651,1522282011.453649,39450,39500,39550,39600,39650,39700,39750,39800,39850,39900,99,806,1,159,103,705,1,716,510,2230,39400,39350,39300,39200,39150,39100,39050,39000,38900,38850,135,130,1065,226,20,10,476,647,1091,571,4371,5330,1,
000250,090651,1522282011.6840668,39450,39500,39550,39600,39650,39700,39750,39800,39850,39900,134,806,1,159,103,705,1,716,510,2230,39400,39350,39300,39200,39150,39100,39050,39000,38900,38850,135,130,1065,226,20,10,476,647,1091,571,4371,5365,1,
000250,090652,1522282012.464487,39450,39500,39550,39600,39650,39700,39750,39800,39850,39900,134,806,148,159,103,705,1,716,510,2230,39400,39350,39300,39200,39150,39100,39050,39000,38900,38850,135,130,1065,226,20,10,476,647,1091,571,4371,5512,1,
000250,090653,1522282013.1433425,39450,39500,39550,39600,39650,39700,39750,39800,39850,39900,129,806,148,159,103,705,1,716,510,2230,39400,39350,39300,39200,39150,39100,39050,39000,38900,38850,135,130,1065,226,20,10,476,647,1091,571,4371,5507,1,
000250,090653,1522282013.3560688,39450,39500,39550,39600,39650,39700,39750,39800,39850,39900,16,806,148,579,103,705,1,716,510,2230,39400,39350,39300,39200,39150,39100,39050,39000,38900,38850,135,130,1065,226,20,10,476,647,1091,571,4371,5814,1,
000250,090654,1522282014.2648036,39500,39550,39600,39650,39700,39750,39800,39850,39900,39950,806,148,579,103,705,1,716,510,2230,1279,39450,39400,39350,39300,39200,39150,39100,39050,39000,38900,84,135,130,1065,226,20,10,476,647,1091,3884,7077,1,
000250,090655,1522282014.869938,39500,39550,39600,39650,39700,39750,39800,39850,39900,39950,806,148,579,103,705,1,716,510,2230,1279,39450,39400,39350,39300,39200,39150,39100,39050,39000,38900,133,85,130,1065,226,20,10,476,647,1091,3883,7077,1,
000250,090657,1522282016.7160866,39500,39550,39600,39650,39700,39750,39800,39850,39900,39950,806,148,579,103,705,1,716,510,2230,1279,39450,39400,39350,39300,39200,39150,39100,39050,39000,38900,133,85,130,1065,226,20,10,476,647,1091,3883,7077,1,
000250,090658,1522282018.4551613,39500,39550,39600,39650,39700,39750,39800,39850,39900,39950,701,148,579,103,705,1,716,510,2230,1279,39450,39400,39350,39300,39200,39150,39100,39050,39000,38900,133,85,130,1065,226,20,10,476,647,1091,3883,6972,1,
000250,090658,1522282018.6314638,39500,39550,39600,39650,39700,39750,39800,39850,39900,39950,699,148,579,103,705,1,716,510,2230,1279,39450,39400,39350,39300,39200,39150,39100,39050,39000,38900,133,85,130,1065,226,20,10,476,647,1091,3883,6970,1,
000250,090659,1522282018.9029858,39500,39550,39600,39650,39700,39750,39800,39850,39900,39950,699,148,579,103,705,1,716,510,2230,1279,39450,39400,39350,39300,39200,39150,39100,39050,39000,38900,133,85,130,1065,226,20,10,476,647,1091,3883,6970,1,
000250,090700,1522282020.0774136,39500,39550,39600,39650,39700,39750,39800,39850,39900,39950,699,148,579,103,705,1,716,510,2230,1279,39450,39400,39350,39300,39200,39150,39100,39050,39000,38900,185,33,130,1065,226,20,10,476,647,1091,3883,6970,1,
000250,090700,1522282020.3591952,39500,39550,39600,39650,39700,39750,39800,39850,39900,39950,700,148,579,103,705,1,716,510,2230,1279,39450,39400,39350,39300,39200,39150,39100,39050,39000,38900,185,33,130,1065,226,20,10,476,647,1091,3883,6971,1,
000250,090701,1522282021.196932,39500,39550,39600,39650,39700,39750,39800,39850,39900,39950,700,148,579,103,705,1,716,510,2230,1279,39450,39400,39350,39300,39200,39150,39100,39050,39000,38900,85,33,130,1065,226,20,10,476,647,1091,3783,6971,1,
000250,090702,1522282021.6998067,39500,39550,39600,39650,39700,39750,39800,39850,39900,39950,700,148,579,103,705,1,716,510,2230,1279,39450,39400,39350,39300,39200,39150,39100,39050,39000,38900,85,33,160,1065,226,20,10,476,647,1091,3813,6971,1,
000250,090702,1522282022.3706398,39500,39550,39600,39650,39700,39750,39800,39850,39900,39950,206,148,579,103,705,1,716,510,2230,1279,39450,39400,39350,39300,39200,39150,39100,39050,39000,38900,85,33,160,1065,226,20,10,476,647,1091,3813,6477,1,
000250,090703,1522282023.0515013,39500,39550,39600,39650,39700,39750,39800,39850,39900,39950,206,148,579,103,705,1,716,510,2230,1279,39450,39400,39350,39300,39200,39150,39100,39050,39000,38900,85,33,160,1065,226,20,10,476,647,1091,3813,6477,1,
000250,090703,1522282023.2154493,39450,39500,39550,39600,39650,39700,39750,39800,39850,39900,15,206,148,579,103,705,1,716,510,2230,39400,39350,39300,39200,39150,39100,39050,39000,38900,38850,33,160,1065,226,20,10,476,647,1091,571,4299,5213,1,
000250,090704,1522282024.3926673,39450,39500,39550,39600,39650,39700,39750,39800,39850,39900,15,206,148,579,103,705,1,716,510,2230,39400,39350,39300,39200,39150,39100,39050,39000,38900,38850,33,160,1065,200,20,10,476,647,1091,571,4273,5213,1,
000250,090705,1522282025.4650981,39450,39500,39550,39600,39650,39700,39750,39800,39850,39900,15,206,148,579,103,705,1,716,510,2230,39400,39350,39300,39200,39150,39100,39050,39000,38900,38850,113,160,1065,200,20,10,476,647,1091,571,4353,5213,1,
000250,090708,1522282027.76288,39300,39450,39500,39550,39600,39650,39700,39750,39800,39850,662,15,206,148,579,103,705,1,716,510,39200,39150,39100,39050,39000,38900,38850,38800,38750,38700,200,20,10,476,647,1091,571,624,2269,197,6105,3645,1,
000250,090708,1522282028.1043131,39300,39450,39500,39550,39600,39650,39700,39750,39800,39850,662,15,206,148,579,103,705,6,716,510,39200,39150,39100,39050,39000,38900,38850,38800,38750,38700,200,36,10,476,647,1091,571,624,2269,197,6121,3650,1,
000250,090708,1522282028.3294282,39300,39450,39500,39550,39600,39650,39700,39750,39800,39850,662,15,256,148,579,103,705,6,716,510,39200,39150,39100,39050,39000,38900,38850,38800,38750,38700,200,36,10,476,647,1091,571,624,2269,197,6121,3700,1,
000250,090709,1522282029.115577,39300,39350,39450,39500,39550,39600,39650,39700,39750,39800,662,1,15,255,148,579,103,705,6,716,39200,39150,39100,39050,39000,38900,38850,38800,38750,38700,200,36,10,476,647,1091,571,624,2269,197,6121,3190,1,
000250,090710,1522282030.3003156,39300,39350,39450,39500,39550,39600,39650,39700,39750,39800,662,13,15,243,148,579,103,705,6,716,39200,39150,39100,39050,39000,38900,38850,38800,38750,38700,200,36,10,476,647,1091,571,624,2269,197,6121,3190,1,
000250,090712,1522282031.7643173,39300,39350,39450,39500,39550,39600,39650,39700,39750,39800,662,14,15,243,148,579,103,705,6,716,39200,39150,39100,39050,39000,38900,38850,38800,38750,38700,200,36,10,476,647,1091,571,624,2269,197,6121,3191,1,
000250,090712,1522282032.4963443,39300,39350,39450,39500,39550,39600,39650,39700,39750,39800,662,14,15,243,148,579,103,705,6,716,39200,39150,39100,39050,39000,38900,38850,38800,38750,38700,185,36,10,476,647,1091,571,624,2269,197,6106,3191,1,
000250,090713,1522282032.7771118,39300,39350,39450,39500,39550,39600,39650,39700,39750,39800,662,14,15,243,158,579,103,705,6,716,39200,39150,39100,39050,39000,38900,38850,38800,38750,38700,185,36,10,476,647,1091,571,624,2269,197,6106,3201,1,
000250,090713,1522282032.9450707,39300,39350,39450,39500,39550,39600,39650,39700,39750,39800,663,14,15,243,158,579,103,705,6,716,39200,39150,39100,39050,39000,38900,38850,38800,38750,38700,185,36,10,476,647,1091,571,624,2269,197,6106,3202,1,
000250,090716,1522282035.7006252,39300,39350,39450,39500,39550,39600,39650,39700,39750,39800,663,14,15,243,158,579,103,705,6,716,39200,39150,39100,39050,39000,38900,38850,38800,38750,38700,201,36,10,476,647,1091,571,624,2269,197,6122,3202,1,
000250,090717,1522282037.2290266,39300,39350,39450,39500,39550,39600,39650,39700,39750,39800,663,14,15,246,158,579,103,705,6,716,39200,39150,39100,39050,39000,38900,38850,38800,38750,38700,201,36,10,476,647,1091,571,624,2269,197,6122,3205,1,
000250,090717,1522282037.5047796,39300,39350,39450,39500,39550,39600,39650,39700,39750,39800,663,14,15,246,158,579,103,705,6,716,39200,39150,39100,39050,39000,38900,38850,38800,38750,38700,827,36,10,476,21,1091,571,624,2269,197,6122,3205,1,
